<?xml version="1.0" encoding="UTF-8"?><?xml-stylesheet type='text/xsl' href='/webservices/catalog/xsl/searchRetrieveResponse.xsl'?><searchRetrieveResponse xmlns="http://www.loc.gov/zing/srw/" xmlns:oclcterms="http://purl.org/oclc/terms/" xmlns:dc="http://purl.org/dc/elements/1.1/" xmlns:diag="http://www.loc.gov/zing/srw/diagnostic/" xmlns:xsi="http://www.w3.org/2001/XMLSchema-instance">
<version>1.1</version>
<numberOfRecords>1756</numberOfRecords>
<records>
<record>
<recordSchema>marcxml</recordSchema>
<recordPacking>xml</recordPacking>
<recordData>
<record xmlns="http://www.loc.gov/MARC21/slim">
    <leader>00000cam a2200000Ma 4500</leader>
    <controlfield tag="001">801371876</controlfield>
    <controlfield tag="008">811120s1658    enk     a     000 0 eng d</controlfield>
    <datafield ind1="1" ind2=" " tag="100">
      <subfield code="a">Farmer, Ralph.</subfield>
    </datafield>
    <datafield ind1="1" ind2="4" tag="245">
      <subfield code="a">The imposter dethron'd, or, The Quakers throne of truth detected to bee Satans seat of lyes :</subfield>
      <subfield code="b">by way of reply to a quaking and railing pamphlet written by Capt. Bishop entituled, the throne of truth exalted over the powers of darkness wherein is briefly hinted the rottenness of the Quakers conversion and perfection ... /</subfield>
      <subfield code="c">by Ralph Farmer.</subfield>
    </datafield>
    <datafield ind1=" " ind2=" " tag="260">
      <subfield code="a">London :</subfield>
      <subfield code="b">Printed by R.I., for Edw. Thomas,</subfield>
      <subfield code="c">1658.</subfield>
    </datafield>
    <datafield ind1=" " ind2=" " tag="300">
      <subfield code="a">[15], 117 pages</subfield>
    </datafield>
    <datafield ind1=" " ind2=" " tag="500">
      <subfield code="a">"Published according to order."</subfield>
    </datafield>
    <datafield ind1=" " ind2=" " tag="500">
      <subfield code="a">Reproduction of original in the Bristol Public Library.</subfield>
    </datafield>
    <datafield ind1="1" ind2="0" tag="600">
      <subfield code="a">Bishop, George,</subfield>
      <subfield code="d">-1668.</subfield>
      <subfield code="t">Throne of truth exalted.</subfield>
    </datafield>
    <datafield ind1=" " ind2="0" tag="650">
      <subfield code="a">Society of Friends</subfield>
      <subfield code="v">Controversial literature.</subfield>
    </datafield>
    <datafield ind1=" " ind2="7" tag="650">
      <subfield code="a">Society of Friends.</subfield>
      <subfield code="2">fast</subfield>
      <subfield code="0">(OCoLC)fst01123801</subfield>
    </datafield>
    <datafield ind1=" " ind2="7" tag="655">
      <subfield code="a">Controversial literature.</subfield>
      <subfield code="2">fast</subfield>
      <subfield code="0">(OCoLC)fst01423907</subfield>
    </datafield>
    <datafield ind1="0" ind2=" " tag="740">
      <subfield code="a">Quakers throne of truth detected to bee Satans seat of lyes.</subfield>
    </datafield>
    <datafield ind1="4" ind2="0" tag="856">
      <subfield code="u">http://hdl.library.upenn.edu/1017.12/259152</subfield>
      <subfield code="z">Connect to full text</subfield>
    </datafield>
  </record>
</recordData>
</record>