
<record>
<recordSchema>marcxml</recordSchema>
<recordPacking>xml</recordPacking>
<recordData>
<record xmlns="http://www.loc.gov/MARC21/slim">
    <leader>00000cam a2200000Ma 4500</leader>
    <controlfield tag="001">830949986</controlfield>
    <controlfield tag="008">950127s1868    enk     o     000 0 eng d</controlfield>
    <datafield ind1="1" ind2=" " tag="100">
      <subfield code="a">Browne, Edward Harold,</subfield>
      <subfield code="d">1811-1891.</subfield>
    </datafield>
    <datafield ind1="1" ind2="4" tag="245">
      <subfield code="a">The witness and the maintenance of the truth :</subfield>
      <subfield code="b">two sermons preached on the 22nd and 23rd of September 1868 at the consecration of the parish churches of Woburn Sands and Woburn /</subfield>
      <subfield code="c">by Edward Harold.</subfield>
    </datafield>
    <datafield ind1=" " ind2=" " tag="260">
      <subfield code="a">London :</subfield>
      <subfield code="b">Longmans, Green,</subfield>
      <subfield code="c">1868</subfield>
      <subfield code="f">(Spottiswoode)</subfield>
    </datafield>
    <datafield ind1=" " ind2=" " tag="300">
      <subfield code="a">1 online resource (26 pages).</subfield>
    </datafield>
    <datafield ind1="1" ind2=" " tag="490">
      <subfield code="a">Nineteenth Century Collections Online: British Politics and Society</subfield>
    </datafield>
    <datafield ind1=" " ind2=" " tag="500">
      <subfield code="a">"The witness of the truth": pages [3]-13.</subfield>
    </datafield>
    <datafield ind1=" " ind2=" " tag="500">
      <subfield code="a">"The maintenance of the truth": pages [15]-26.</subfield>
    </datafield>
    <datafield ind1=" " ind2=" " tag="500">
      <subfield code="a">"Published by request."</subfield>
    </datafield>
    <datafield ind1=" " ind2=" " tag="500">
      <subfield code="a">"Pamphlet no. 513."</subfield>
    </datafield>
    <datafield ind1=" " ind2=" " tag="500">
      <subfield code="a">"Church no. 3590."</subfield>
    </datafield>
    <datafield ind1=" " ind2=" " tag="500">
      <subfield code="a">Reproduction of the original from the Pusey House Library St Giles.</subfield>
    </datafield>
    <datafield ind1="0" ind2="0" tag="630">
      <subfield code="a">Bible.</subfield>
      <subfield code="p">John, XVIII, 37-38</subfield>
      <subfield code="v">Sermons.</subfield>
    </datafield>
    <datafield ind1="0" ind2="0" tag="630">
      <subfield code="a">Bible.</subfield>
      <subfield code="p">Timothy, 1st, III, 15</subfield>
      <subfield code="v">Sermons.</subfield>
    </datafield>
    <datafield ind1="2" ind2="0" tag="610">
      <subfield code="a">Church of England</subfield>
      <subfield code="v">Sermons.</subfield>
    </datafield>
    <datafield ind1="2" ind2="7" tag="610">
      <subfield code="a">Church of England.</subfield>
      <subfield code="2">fast</subfield>
      <subfield code="0">(OCoLC)fst00532932</subfield>
    </datafield>
    <datafield ind1=" " ind2="0" tag="650">
      <subfield code="a">Truth</subfield>
      <subfield code="x">Religious aspects</subfield>
      <subfield code="x">Christianity</subfield>
      <subfield code="v">Sermons.</subfield>
    </datafield>
    <datafield ind1=" " ind2="0" tag="650">
      <subfield code="a">Sermons, English</subfield>
      <subfield code="y">19th century.</subfield>
    </datafield>
    <datafield ind1=" " ind2="7" tag="650">
      <subfield code="a">Sermons, English.</subfield>
      <subfield code="2">fast</subfield>
      <subfield code="0">(OCoLC)fst01113250</subfield>
    </datafield>
    <datafield ind1=" " ind2="7" tag="650">
      <subfield code="a">Truth</subfield>
      <subfield code="x">Religious aspects</subfield>
      <subfield code="x">Christianity.</subfield>
      <subfield code="2">fast</subfield>
      <subfield code="0">(OCoLC)fst01158248</subfield>
    </datafield>
    <datafield ind1=" " ind2="7" tag="655">
      <subfield code="a">Sermons.</subfield>
      <subfield code="2">fast</subfield>
      <subfield code="0">(OCoLC)fst01423904</subfield>
    </datafield>
    <datafield ind1="4" ind2="0" tag="856">
      <subfield code="a">Gale Cengage Learning, Nineteenth Century Collections Online</subfield>
      <subfield code="u">http://ncco.galegroup.com/gdc/ncco/MonographsDetailsPage/MonographsDetailsWindow?disableHighlighting=false&amp;prodId=NCCO&amp;action=1&amp;activityType=BasicSearch&amp;javax.portlet.action=viewPortletAction&amp;documentId=GALE%7CRIQOBY925789469&amp;dviSelectedPage=1&amp;userGroupName=</subfield>
    </datafield>
    <datafield ind1="4" ind2="0" tag="856">
      <subfield code="u">http://libproxy.uwyo.edu/login/?url=http://ncco.galegroup.com/gdc/ncco/MonographsDetailsPage/MonographsDetailsWindow?disableHighlighting=false&amp;prodId=NCCO&amp;action=1&amp;activityType=BasicSearch&amp;javax.portlet.action=viewPortletAction&amp;documentId=GALE%7CRIQOBY925789469&amp;dviSelectedPage=1&amp;userGroupName=wylrc_uwyoming</subfield>
      <subfield code="z">View full text.</subfield>
    </datafield>
    <datafield ind1="4" ind2="0" tag="856">
      <subfield code="a">Gale Cengage Learning, Nineteenth Century Collections Online</subfield>
      <subfield code="u">http://www.library.yorku.ca/e/resolver/id/2453217</subfield>
    </datafield>
  </record>
</recordData>
</record>