
<record>
<recordSchema>marcxml</recordSchema>
<recordPacking>xml</recordPacking>
<recordData>
<record xmlns="http://www.loc.gov/MARC21/slim">
    <leader>00000cam a2200000Ia 4500</leader>
    <controlfield tag="001">12859443</controlfield>
    <controlfield tag="008">851202s1699    enk     a     000 0 eng d</controlfield>
    <datafield ind1="1" ind2=" " tag="100">
      <subfield code="a">Humfrey, John,</subfield>
      <subfield code="d">1621-1719.</subfield>
    </datafield>
    <datafield ind1="1" ind2="0" tag="245">
      <subfield code="a">Animadversions, being the two last books of my reverend brother Mr. Williams :</subfield>
      <subfield code="b">the one entituled A postscript to Gospel-truth, the other An end of discord : conscientiously examined, in order to a free entertainment of the truth, in some momentous points in divinity, controverted among the nonconformist brethren, occasionally here determined, for the sake of those honest among us that seek it, without trick or partiality /</subfield>
      <subfield code="c">by John Humfrey ...</subfield>
    </datafield>
    <datafield ind1=" " ind2=" " tag="260">
      <subfield code="a">London :</subfield>
      <subfield code="b">Printed by Tho. Snowden, for Tho. Parkhurst ...,</subfield>
      <subfield code="c">1699.</subfield>
    </datafield>
    <datafield ind1=" " ind2=" " tag="300">
      <subfield code="a">[2], 38 pages</subfield>
    </datafield>
    <datafield ind1=" " ind2=" " tag="500">
      <subfield code="a">Reproduction of original in Union Theological Seminary Library, New York.</subfield>
    </datafield>
    <datafield ind1=" " ind2=" " tag="500">
      <subfield code="a">Errata: p. 38.</subfield>
    </datafield>
    <datafield ind1="1" ind2="0" tag="600">
      <subfield code="a">Williams, Daniel,</subfield>
      <subfield code="d">1643?-1716.</subfield>
      <subfield code="t">Gospel-truth stated and vindicated.</subfield>
      <subfield code="p">Postscript.</subfield>
    </datafield>
    <datafield ind1="1" ind2="0" tag="600">
      <subfield code="a">Williams, Daniel,</subfield>
      <subfield code="d">1643?-1716.</subfield>
      <subfield code="t">End to discord.</subfield>
    </datafield>
    <datafield ind1="0" ind2="7" tag="630">
      <subfield code="a">Gospel-truth stated and vindicated (Williams, Daniel)</subfield>
      <subfield code="2">fast</subfield>
      <subfield code="0">(OCoLC)fst01358515</subfield>
    </datafield>
    <datafield ind1=" " ind2="0" tag="650">
      <subfield code="a">Justification (Christian theology)</subfield>
    </datafield>
    <datafield ind1=" " ind2="0" tag="650">
      <subfield code="a">Dissenters, Religious</subfield>
      <subfield code="z">Great Britain.</subfield>
    </datafield>
    <datafield ind1=" " ind2="7" tag="650">
      <subfield code="a">Dissenters, Religious.</subfield>
      <subfield code="2">fast</subfield>
      <subfield code="0">(OCoLC)fst00895414</subfield>
    </datafield>
    <datafield ind1=" " ind2="7" tag="650">
      <subfield code="a">Justification (Christian theology)</subfield>
      <subfield code="2">fast</subfield>
      <subfield code="0">(OCoLC)fst00985240</subfield>
    </datafield>
    <datafield ind1=" " ind2="7" tag="651">
      <subfield code="a">Great Britain.</subfield>
      <subfield code="2">fast</subfield>
      <subfield code="0">(OCoLC)fst01204623</subfield>
    </datafield>
    <datafield ind1="4" ind2="1" tag="856">
      <subfield code="z">Full text available as part of Early English books online (EEBO):</subfield>
      <subfield code="u">http://gateway.proquest.com/openurl?ctx_ver=Z39.88-2003&amp;res_id=xri:eebo&amp;rft_val_fmt=&amp;rft_id=xri:eebo:image:94653</subfield>
      <subfield code="z">Rutgers restricted</subfield>
    </datafield>
    <datafield ind1="4" ind2=" " tag="856">
      <subfield code="u">http://proxy.lib.utk.edu:90/login?url=http://wwwlib.umi.com/eebo/image/94653</subfield>
    </datafield>
  </record>
</recordData>
</record>