
<record>
<recordSchema>marcxml</recordSchema>
<recordPacking>xml</recordPacking>
<recordData>
<record xmlns="http://www.loc.gov/MARC21/slim">
    <leader>00000cam a2200000Ii 4500</leader>
    <controlfield tag="001">6926297</controlfield>
    <controlfield tag="008">801111s1881    miuch         000 0 eng d</controlfield>
    <datafield ind1="1" ind2=" " tag="100">
      <subfield code="a">Truth, Sojourner,</subfield>
      <subfield code="d">1799-1883,</subfield>
      <subfield code="e">author.</subfield>
    </datafield>
    <datafield ind1="1" ind2="0" tag="245">
      <subfield code="a">Narrative of Sojourner Truth :</subfield>
      <subfield code="b">a bondswoman of olden time, emancipated by the New York Legislature in the early part of the present century : with a history of her labors and correspondence /</subfield>
      <subfield code="c">drawn from her "Book of Life."</subfield>
    </datafield>
    <datafield ind1="3" ind2=" " tag="246">
      <subfield code="a">Life of Sojourner Truth</subfield>
    </datafield>
    <datafield ind1=" " ind2=" " tag="250">
      <subfield code="a">5th ed.</subfield>
    </datafield>
    <datafield ind1=" " ind2=" " tag="260">
      <subfield code="a">Battle Creek, Mich. :</subfield>
      <subfield code="b">Published fot the author,</subfield>
      <subfield code="c">1881.</subfield>
    </datafield>
    <datafield ind1=" " ind2=" " tag="300">
      <subfield code="a">320 pages :</subfield>
      <subfield code="b">facsimiles, portraits</subfield>
    </datafield>
    <datafield ind1=" " ind2=" " tag="500">
      <subfield code="a">On coover: The life of Sojourner Truth ... the oldest lecturer in the World : a graphic volume about the colored centenarian.</subfield>
    </datafield>
    <datafield ind1=" " ind2=" " tag="500">
      <subfield code="a">Half title: Sojourner Truth's Narrative and Book of life.</subfield>
    </datafield>
    <datafield ind1=" " ind2=" " tag="500">
      <subfield code="a">Information from NUC 1968-72: Narrative of Sojourner / by Olive Gilbert. Book of life / by Frances W. Titus.</subfield>
    </datafield>
    <datafield ind1="1" ind2="0" tag="600">
      <subfield code="a">Truth, Sojourner,</subfield>
      <subfield code="d">1799-1883.</subfield>
    </datafield>
    <datafield ind1="1" ind2="7" tag="600">
      <subfield code="a">Truth, Sojourner,</subfield>
      <subfield code="d">1799-1883</subfield>
      <subfield code="2">fast</subfield>
      <subfield code="0">(OCoLC)fst01851782</subfield>
    </datafield>
    <datafield ind1="1" ind2=" " tag="700">
      <subfield code="a">Gilbert, Olive,</subfield>
      <subfield code="e">editor.</subfield>
    </datafield>
    <datafield ind1="1" ind2=" " tag="700">
      <subfield code="a">Titus, Frances W.,</subfield>
      <subfield code="e">editor.</subfield>
    </datafield>
  </record>
</recordData>
</record>