
<record>
<recordSchema>marcxml</recordSchema>
<recordPacking>xml</recordPacking>
<recordData>
<record xmlns="http://www.loc.gov/MARC21/slim">
    <leader>00000cam a2200000Ma 4500</leader>
    <controlfield tag="001">1087308960</controlfield>
    <controlfield tag="008">850723s1662    enk     a     000 0 eng d</controlfield>
    <datafield ind1="1" ind2=" " tag="100">
      <subfield code="a">Whitehead, John,</subfield>
      <subfield code="d">1630-1696.</subfield>
    </datafield>
    <datafield ind1="1" ind2="4" tag="245">
      <subfield code="a">The case of such professors :</subfield>
      <subfield code="b">as have known the way of truth, and are turned aside from its holy testimony to save themselves, opened and lamented : with some wholsome warnings and admonitions, tending to restore and turn them again to the Lord, that they may be saved by him, both from the evil of sin and punishment.</subfield>
    </datafield>
    <datafield ind1=" " ind2=" " tag="260">
      <subfield code="a">London :</subfield>
      <subfield code="b">Printed for Robert Wilson,</subfield>
      <subfield code="c">1662.</subfield>
    </datafield>
    <datafield ind1=" " ind2=" " tag="300">
      <subfield code="a">1 sheet ([1] p.)</subfield>
    </datafield>
    <datafield ind1=" " ind2=" " tag="500">
      <subfield code="a">Reproduction of original in Huntington Library.</subfield>
    </datafield>
    <datafield ind1=" " ind2=" " tag="500">
      <subfield code="a">Broadside.</subfield>
    </datafield>
    <datafield ind1=" " ind2=" " tag="500">
      <subfield code="a">Signed: John Whitehead.</subfield>
    </datafield>
    <datafield ind1=" " ind2="0" tag="650">
      <subfield code="a">Truth</subfield>
      <subfield code="x">Religious aspects</subfield>
      <subfield code="x">Christianity</subfield>
      <subfield code="v">Early works to 1800.</subfield>
    </datafield>
    <datafield ind1=" " ind2="0" tag="650">
      <subfield code="a">Salvation.</subfield>
    </datafield>
    <datafield ind1=" " ind2="7" tag="650">
      <subfield code="a">Salvation.</subfield>
      <subfield code="2">fast</subfield>
      <subfield code="0">(OCoLC)fst01104418</subfield>
    </datafield>
    <datafield ind1=" " ind2="7" tag="650">
      <subfield code="a">Truth</subfield>
      <subfield code="x">Religious aspects</subfield>
      <subfield code="x">Christianity.</subfield>
      <subfield code="2">fast</subfield>
      <subfield code="0">(OCoLC)fst01158248</subfield>
    </datafield>
    <datafield ind1=" " ind2="7" tag="655">
      <subfield code="a">Early works.</subfield>
      <subfield code="2">fast</subfield>
      <subfield code="0">(OCoLC)fst01411636</subfield>
    </datafield>
    <datafield ind1="0" ind2=" " tag="730">
      <subfield code="a">Early English books online.</subfield>
    </datafield>
  </record>
</recordData>
</record>