
<record>
<recordSchema>marcxml</recordSchema>
<recordPacking>xml</recordPacking>
<recordData>
<record xmlns="http://www.loc.gov/MARC21/slim">
    <leader>00000cmm a2200000Mc 4500</leader>
    <controlfield tag="001">839436070</controlfield>
    <controlfield tag="008">071206s1658    xxk     o  u        eng d</controlfield>
    <datafield ind1="1" ind2=" " tag="100">
      <subfield code="a">Turner, Robert</subfield>
    </datafield>
    <datafield ind1="1" ind2="0" tag="245">
      <subfield code="a">Truths defence :</subfield>
      <subfield code="b">truth: sepperating it selfe, from it's abuses, and its abusers ... Also, here is a swift and close pursuite, after severall dangerous, infectious and running errors, which by Robert Child priest, hath lately been sowen &amp; spread abroad ... wch [sic] errors, are answered by R.T. ... Also, a true information of the evil, and error of one Humphrey Whittingh priest &amp;c.; with a few words to the heads, &amp; rulers of the nation of Ireland; and of the Colledge of Dublin</subfield>
    </datafield>
    <datafield ind1=" " ind2=" " tag="260">
      <subfield code="a">[Erscheinungsort nicht ermittelbar]</subfield>
      <subfield code="b">[Verlag nicht ermittelbar]</subfield>
      <subfield code="c">Printed in the yeare 1658</subfield>
    </datafield>
    <datafield ind1=" " ind2=" " tag="300">
      <subfield code="a">Online-Ressource</subfield>
    </datafield>
    <datafield ind1=" " ind2=" " tag="500">
      <subfield code="a">Page 17 numbered 16</subfield>
    </datafield>
    <datafield ind1=" " ind2=" " tag="500">
      <subfield code="a">Page [2] (1st group) signed: E.B</subfield>
    </datafield>
    <datafield ind1=" " ind2=" " tag="500">
      <subfield code="a">Place of publication suggested by Wing</subfield>
    </datafield>
    <datafield ind1=" " ind2=" " tag="500">
      <subfield code="a">Reproduction of original in the Friends' Library (London, England)</subfield>
    </datafield>
    <datafield ind1=" " ind2=" " tag="500">
      <subfield code="a">Wing (2nd ed.), T3333</subfield>
    </datafield>
    <datafield ind1="1" ind2="0" tag="600">
      <subfield code="a">Child, Robert</subfield>
      <subfield code="c">Priest</subfield>
    </datafield>
    <datafield ind1="1" ind2="0" tag="600">
      <subfield code="a">Whittingh, Humphrey</subfield>
      <subfield code="c">Priest</subfield>
    </datafield>
    <datafield ind1=" " ind2="0" tag="650">
      <subfield code="a">Inner Light.</subfield>
    </datafield>
    <datafield ind1=" " ind2="0" tag="650">
      <subfield code="a">Society of Friends</subfield>
      <subfield code="x">Doctrine.</subfield>
    </datafield>
    <datafield ind1=" " ind2="0" tag="650">
      <subfield code="a">Truth</subfield>
      <subfield code="x">Religious aspects.</subfield>
    </datafield>
    <datafield ind1=" " ind2="0" tag="650">
      <subfield code="a">Worship.</subfield>
    </datafield>
    <datafield ind1=" " ind2="7" tag="650">
      <subfield code="a">Inner Light</subfield>
      <subfield code="2">fast</subfield>
      <subfield code="0">(OCoLC)fst00973706</subfield>
    </datafield>
    <datafield ind1=" " ind2="7" tag="650">
      <subfield code="a">Truth</subfield>
      <subfield code="x">Religious aspects</subfield>
      <subfield code="2">fast</subfield>
      <subfield code="0">(OCoLC)fst01158245</subfield>
    </datafield>
    <datafield ind1=" " ind2="7" tag="650">
      <subfield code="a">Worship</subfield>
      <subfield code="2">fast</subfield>
      <subfield code="0">(OCoLC)fst01181450</subfield>
    </datafield>
    <datafield ind1="4" ind2="0" tag="856">
      <subfield code="u">http://gateway.proquest.com/openurl?ctx_ver=Z39.88-2003&amp;res_id=xri:eebo&amp;rft_val_fmt=&amp;rft_id=xri:eebo:image:172394</subfield>
    </datafield>
  </record>
</recordData>
</record>