
<record>
<recordSchema>marcxml</recordSchema>
<recordPacking>xml</recordPacking>
<recordData>
<record xmlns="http://www.loc.gov/MARC21/slim">
    <leader>00000cam a2200000Mi 4500</leader>
    <controlfield tag="001">83465683</controlfield>
    <controlfield tag="008">790719s1775    enk     o     000 0 eng d</controlfield>
    <datafield ind1=" " ind2=" " tag="010">
      <subfield code="a">   10032150 </subfield>
    </datafield>
    <datafield ind1="1" ind2=" " tag="100">
      <subfield code="a">Priestley, Joseph,</subfield>
      <subfield code="d">1733-1804.</subfield>
    </datafield>
    <datafield ind1="1" ind2="3" tag="245">
      <subfield code="a">An examination of Dr. Reid's Inquiry into the human mind on the principles of common sense, Dr. Beattie's Essay on the nature and immutability of truth, and Dr. Oswald's Appeal to common sense in behalf of religion. By Joseph Priestley.</subfield>
    </datafield>
    <datafield ind1=" " ind2=" " tag="250">
      <subfield code="a">The 2nd ed.</subfield>
    </datafield>
    <datafield ind1=" " ind2=" " tag="260">
      <subfield code="a">London :</subfield>
      <subfield code="b">Printed for J. Johnson,</subfield>
      <subfield code="c">1775.</subfield>
    </datafield>
    <datafield ind1=" " ind2=" " tag="300">
      <subfield code="a">1 online resource (lxi, [3], 371, [5] pages)</subfield>
    </datafield>
    <datafield ind1=" " ind2=" " tag="500">
      <subfield code="a">With 2 final leaves being 'A catalogue of books written by Joseph Priestley, .' ([3]p.) and a list of errata ([1]p.).</subfield>
    </datafield>
    <datafield ind1=" " ind2=" " tag="500">
      <subfield code="a">Reproduction of original from the British Library.</subfield>
    </datafield>
    <datafield ind1="1" ind2="0" tag="600">
      <subfield code="a">Reid, Thomas,</subfield>
      <subfield code="d">1710-1796.</subfield>
      <subfield code="t">Inquiry into the human mind.</subfield>
    </datafield>
    <datafield ind1="1" ind2="0" tag="600">
      <subfield code="a">Beattie, James,</subfield>
      <subfield code="d">1735-1803.</subfield>
      <subfield code="t">Essay on the nature and immutability of truth.</subfield>
    </datafield>
    <datafield ind1="1" ind2="0" tag="600">
      <subfield code="a">Oswald, James,</subfield>
      <subfield code="d">-1793.</subfield>
      <subfield code="t">Appeal to common sense.</subfield>
    </datafield>
    <datafield ind1="0" ind2="7" tag="630">
      <subfield code="a">Inquiry into the human mind (Reid, Thomas)</subfield>
      <subfield code="2">fast</subfield>
      <subfield code="0">(OCoLC)fst01357371</subfield>
    </datafield>
    <datafield ind1=" " ind2="0" tag="650">
      <subfield code="a">Philosophy, Scottish.</subfield>
    </datafield>
    <datafield ind1=" " ind2="7" tag="650">
      <subfield code="a">Philosophy, Scottish.</subfield>
      <subfield code="2">fast</subfield>
      <subfield code="0">(OCoLC)fst01061111</subfield>
    </datafield>
    <datafield ind1="4" ind2="0" tag="856">
      <subfield code="3">Google</subfield>
      <subfield code="u">http://books.google.com/books?id=PHc3AAAAMAAJ</subfield>
    </datafield>
    <datafield ind1="4" ind2="0" tag="856">
      <subfield code="3">Internet Archive</subfield>
      <subfield code="u">https://archive.org/details/examinationofdrr00prieuoft</subfield>
    </datafield>
    <datafield ind1="4" ind2="0" tag="856">
      <subfield code="u">http://galenet.galegroup.com/servlet/ECCO?c=1&amp;stp=Author&amp;ste=11&amp;af=BN&amp;ae=T033641&amp;tiPG=1&amp;dd=0&amp;dc=flc&amp;docNum=CW122474399&amp;vrsn=1.0&amp;srchtp=a&amp;d4=0.33&amp;n=10&amp;SU=0LRF&amp;locID=ureginalib</subfield>
      <subfield code="z">Full text online</subfield>
    </datafield>
    <datafield ind1="4" ind2="0" tag="856">
      <subfield code="u">http://galenet.galegroup.com/servlet/ECCO?c=1&amp;stp=Author&amp;ste=11&amp;af=BN&amp;ae=T033641&amp;tiPG=1&amp;dd=0&amp;dc=flc&amp;docNum=CW122474399&amp;vrsn=1.0&amp;srchtp=a&amp;d4=0.33&amp;n=10&amp;SU=0LRF&amp;locID=fred46430</subfield>
      <subfield code="z">Full text online</subfield>
    </datafield>
    <datafield ind1="4" ind2=" " tag="856">
      <subfield code="u">http://galenet.galegroup.com/servlet/ECCO?c=1&amp;stp=Author&amp;ste=11&amp;af=BN&amp;ae=T033641&amp;tiPG=1&amp;dd=0&amp;dc=flc&amp;docNum=CW122474399&amp;vrsn=1.0&amp;srchtp=a&amp;d4=0.33&amp;n=10&amp;SU=0LRF</subfield>
      <subfield code="3">Volltext</subfield>
    </datafield>
    <datafield ind1="4" ind2="0" tag="856">
      <subfield code="u">http://galenet.galegroup.com/servlet/ECCO?c=1&amp;stp=Author&amp;ste=11&amp;af=BN&amp;ae=T033641&amp;tiPG=1&amp;dd=0&amp;dc=flc&amp;docNum=CW122474399&amp;vrsn=1.0&amp;srchtp=a&amp;d4=0.33&amp;n=10&amp;SU=0LRF&amp;locID=new67449</subfield>
      <subfield code="z">Rutgers restricted.</subfield>
    </datafield>
    <datafield ind1="4" ind2="0" tag="856">
      <subfield code="u">http://libproxy.uwyo.edu/login/?url=http://galenet.galegroup.com/servlet/ECCO?c=1&amp;stp=Author&amp;ste=11&amp;af=BN&amp;ae=T033641&amp;tiPG=1&amp;dd=0&amp;dc=flc&amp;docNum=CW122474399&amp;vrsn=1.0&amp;srchtp=a&amp;d4=0.33&amp;n=10&amp;SU=0LRF&amp;locID=wylrc_uwyoming</subfield>
      <subfield code="z">View full text</subfield>
    </datafield>
    <datafield ind1="4" ind2="0" tag="856">
      <subfield code="u">http://www.library.yorku.ca/e/resolver/id/2124303</subfield>
      <subfield code="z">Full text online</subfield>
    </datafield>
    <datafield ind1="4" ind2="0" tag="856">
      <subfield code="u">http://proxy.lib.utk.edu:90/login?url=http://galenet.galegroup.com/servlet/ECCO?c=1&amp;stp=Author&amp;ste=11&amp;af=BN&amp;ae=T033641&amp;tiPG=1&amp;dd=0&amp;dc=flc&amp;docNum=CW122474399&amp;vrsn=1.0&amp;srchtp=a&amp;d4=0.33&amp;n=10&amp;SU=0LRF&amp;locID=knox61277</subfield>
      <subfield code="z">Full text online</subfield>
    </datafield>
    <datafield ind1="4" ind2=" " tag="856">
      <subfield code="z">Connect to Internet resource</subfield>
      <subfield code="x">Open Content Alliance</subfield>
      <subfield code="u">http://books.scholarsportal.info/viewdoc.html?id=/ebooks/oca5/4/examinationofdrr00prieuoft</subfield>
    </datafield>
    <datafield ind1="4" ind2=" " tag="856">
      <subfield code="z">Purchase a print copy</subfield>
      <subfield code="u">https://www.graphicservices.uwo.ca/order-online/ebook-print/?ebook=/ebooks/oca5/4/examinationofdrr00prieuoft</subfield>
    </datafield>
  </record>
</recordData>
</record>