
<record>
<recordSchema>marcxml</recordSchema>
<recordPacking>xml</recordPacking>
<recordData>
<record xmlns="http://www.loc.gov/MARC21/slim">
    <leader>00000cam a2200000Ki 4500</leader>
    <controlfield tag="001">749201646</controlfield>
    <controlfield tag="008">110904s1875    maua    o     000 0beng d</controlfield>
    <datafield ind1="1" ind2=" " tag="100">
      <subfield code="a">Truth, Sojourner,</subfield>
      <subfield code="d">1799-1883,</subfield>
      <subfield code="e">author.</subfield>
    </datafield>
    <datafield ind1="1" ind2="0" tag="245">
      <subfield code="a">Narrative of Sojourner Truth :</subfield>
      <subfield code="b">a bondswoman of old time, emancipated by the New York Legislature in the early part of the present century, with a history of her labors and correspondence, drawn from her Book of life.</subfield>
    </datafield>
    <datafield ind1=" " ind2=" " tag="260">
      <subfield code="a">Boston :</subfield>
      <subfield code="b">F.W. Titus,</subfield>
      <subfield code="c">1875.</subfield>
    </datafield>
    <datafield ind1=" " ind2=" " tag="300">
      <subfield code="a">1 online resource (324 pages) :</subfield>
      <subfield code="b">illustrations</subfield>
    </datafield>
    <datafield ind1=" " ind2=" " tag="538">
      <subfield code="a">Master and use copy. Digital master created according to Benchmark for Faithful Digital Reproductions of Monographs and Serials, Version 1. Digital Library Federation, December 2002.</subfield>
      <subfield code="u">http://purl.oclc.org/DLF/benchrepro0212</subfield>
      <subfield code="5">MiAaHDL</subfield>
    </datafield>
    <datafield ind1="1" ind2="0" tag="600">
      <subfield code="a">Truth, Sojourner,</subfield>
      <subfield code="d">1799-1883.</subfield>
    </datafield>
    <datafield ind1=" " ind2="0" tag="650">
      <subfield code="a">African Americans</subfield>
      <subfield code="v">Biography.</subfield>
    </datafield>
    <datafield ind1="1" ind2="7" tag="600">
      <subfield code="a">Truth, Sojourner,</subfield>
      <subfield code="d">1799-1883</subfield>
      <subfield code="2">fast</subfield>
      <subfield code="0">(OCoLC)fst01851782</subfield>
    </datafield>
    <datafield ind1=" " ind2="7" tag="650">
      <subfield code="a">African Americans.</subfield>
      <subfield code="2">fast</subfield>
      <subfield code="0">(OCoLC)fst00799558</subfield>
    </datafield>
    <datafield ind1=" " ind2="7" tag="655">
      <subfield code="a">Biographies.</subfield>
      <subfield code="2">fast</subfield>
      <subfield code="0">(OCoLC)fst01919896</subfield>
    </datafield>
    <datafield ind1="1" ind2=" " tag="700">
      <subfield code="a">Gilbert, Olive.</subfield>
    </datafield>
    <datafield ind1="1" ind2=" " tag="700">
      <subfield code="a">Titus, Frances W.</subfield>
    </datafield>
    <datafield ind1="4" ind2="0" tag="856">
      <subfield code="3">HathiTrust Digital Library, Full view</subfield>
      <subfield code="u">http://catalog.hathitrust.org/api/volumes/oclc/58670900.html</subfield>
    </datafield>
  </record>
</recordData>
</record>