
<record>
<recordSchema>marcxml</recordSchema>
<recordPacking>xml</recordPacking>
<recordData>
<record xmlns="http://www.loc.gov/MARC21/slim">
    <leader>00000cam a2200000I  4500</leader>
    <controlfield tag="001">6155773</controlfield>
    <controlfield tag="008">800401s1638    enk           000 0 eng d</controlfield>
    <datafield ind1="1" ind2=" " tag="100">
      <subfield code="a">Chillingworth, William,</subfield>
      <subfield code="d">1602-1644.</subfield>
    </datafield>
    <datafield ind1="1" ind2="4" tag="245">
      <subfield code="a">The religion of Protestants, a safe way to salvation.</subfield>
      <subfield code="b">Or An answer to a booke entitled Mercy and truth, or, Charity maintain'd by Catholiques, which pretends to prove the contrary.</subfield>
      <subfield code="c">By William Chillingworth.</subfield>
    </datafield>
    <datafield ind1=" " ind2=" " tag="260">
      <subfield code="a">Oxford,</subfield>
      <subfield code="b">Printed by Leonard Lichfield,</subfield>
      <subfield code="c">1638.</subfield>
    </datafield>
    <datafield ind1=" " ind2=" " tag="300">
      <subfield code="a">1 preliminary leaf, [6], 413, [1] pages</subfield>
      <subfield code="c">19 cm</subfield>
    </datafield>
    <datafield ind1=" " ind2=" " tag="500">
      <subfield code="a">STC 5138.</subfield>
    </datafield>
    <datafield ind1="2" ind2="0" tag="610">
      <subfield code="a">Catholic Church</subfield>
      <subfield code="x">Doctrines</subfield>
      <subfield code="x">Protestant authors.</subfield>
    </datafield>
    <datafield ind1="1" ind2="0" tag="600">
      <subfield code="a">Knott, Edward,</subfield>
      <subfield code="d">1582-1656.</subfield>
      <subfield code="t">Mercy and truth, or Charity maintained by Catholiques.</subfield>
    </datafield>
    <datafield ind1="2" ind2="7" tag="610">
      <subfield code="a">Catholic Church.</subfield>
      <subfield code="2">fast</subfield>
      <subfield code="0">(OCoLC)fst00531720</subfield>
    </datafield>
    <datafield ind1=" " ind2="0" tag="650">
      <subfield code="a">Protestantism.</subfield>
    </datafield>
    <datafield ind1=" " ind2="7" tag="650">
      <subfield code="a">Protestantism.</subfield>
      <subfield code="2">fast</subfield>
      <subfield code="0">(OCoLC)fst01079920</subfield>
    </datafield>
  </record>
</recordData>
</record>