
<record>
<recordSchema>marcxml</recordSchema>
<recordPacking>xml</recordPacking>
<recordData>
<record xmlns="http://www.loc.gov/MARC21/slim">
    <leader>00000cam a2200000Mi 4500</leader>
    <controlfield tag="001">426119862</controlfield>
    <controlfield tag="008">840319s1815    mau     o     000 0 eng d</controlfield>
    <datafield ind1="1" ind2=" " tag="100">
      <subfield code="a">Andros, Thomas,</subfield>
      <subfield code="d">1759-1845.</subfield>
    </datafield>
    <datafield ind1="1" ind2="0" tag="245">
      <subfield code="a">Truth in opinion the only foundation of piety :</subfield>
      <subfield code="b">a discourse delivered at the induction of the Rev. Benjamin Whitmore, to the pastoral office in the Church of Christ at Tiverton, R.I., August 16, 1815 /</subfield>
      <subfield code="c">by Thomas Andros.</subfield>
    </datafield>
    <datafield ind1=" " ind2=" " tag="260">
      <subfield code="a">Boston :</subfield>
      <subfield code="b">Printed by Samuel T. Armstrong,</subfield>
      <subfield code="c">1815.</subfield>
    </datafield>
    <datafield ind1=" " ind2=" " tag="300">
      <subfield code="a">1 online resource (32 pages)</subfield>
    </datafield>
    <datafield ind1="1" ind2="0" tag="600">
      <subfield code="a">Whitmore, Benjamin.</subfield>
    </datafield>
    <datafield ind1=" " ind2="0" tag="650">
      <subfield code="a">Installation sermons.</subfield>
    </datafield>
    <datafield ind1=" " ind2="0" tag="650">
      <subfield code="a">Sermons, American.</subfield>
    </datafield>
    <datafield ind1=" " ind2="0" tag="650">
      <subfield code="a">Truth</subfield>
      <subfield code="x">Religious aspects</subfield>
      <subfield code="x">Christianity</subfield>
      <subfield code="v">Sermons.</subfield>
    </datafield>
    <datafield ind1=" " ind2="7" tag="650">
      <subfield code="a">Installation sermons.</subfield>
      <subfield code="2">fast</subfield>
      <subfield code="0">(OCoLC)fst00974248</subfield>
    </datafield>
    <datafield ind1=" " ind2="7" tag="650">
      <subfield code="a">Sermons, American.</subfield>
      <subfield code="2">fast</subfield>
      <subfield code="0">(OCoLC)fst01113225</subfield>
    </datafield>
    <datafield ind1=" " ind2="7" tag="650">
      <subfield code="a">Truth</subfield>
      <subfield code="x">Religious aspects</subfield>
      <subfield code="x">Christianity.</subfield>
      <subfield code="2">fast</subfield>
      <subfield code="0">(OCoLC)fst01158248</subfield>
    </datafield>
    <datafield ind1=" " ind2="7" tag="655">
      <subfield code="a">Sermons.</subfield>
      <subfield code="2">fast</subfield>
      <subfield code="0">(OCoLC)fst01423904</subfield>
    </datafield>
    <datafield ind1=" " ind2=" " tag="856">
      <subfield code="x">http://www.aladin.wrlc.org/Z-WEB/Aladin?req=db&amp;key=WRL07005AU&amp;url=http://opac.newsbank.com/select/shaw/33870</subfield>
    </datafield>
    <datafield ind1="4" ind2="1" tag="856">
      <subfield code="u">http://opac.newsbank.com/select/shaw/33870</subfield>
    </datafield>
    <datafield ind1="4" ind2="1" tag="856">
      <subfield code="u">http://libproxy.uwyo.edu/login/?url=http://opac.newsbank.com/select/shaw/33870</subfield>
      <subfield code="z">View full text</subfield>
    </datafield>
  </record>
</recordData>
</record>