
<record>
<recordSchema>marcxml</recordSchema>
<recordPacking>xml</recordPacking>
<recordData>
<record xmlns="http://www.loc.gov/MARC21/slim">
    <leader>00000cam a2200000Ma 4500</leader>
    <controlfield tag="001">1086797515</controlfield>
    <controlfield tag="008">880418s1660    enk     a     000 0 eng d</controlfield>
    <datafield ind1="1" ind2=" " tag="100">
      <subfield code="a">Whitehead, George,</subfield>
      <subfield code="d">1636?-1723.</subfield>
    </datafield>
    <datafield ind1="1" ind2="4" tag="245">
      <subfield code="a">The he-goats horn broken, or, Innocency elevated against insolency &amp; impudent falshood :</subfield>
      <subfield code="b">in answer to two books against the people of God called Quakers : the one intituled, A fuller discovery, which is stuffed with such a multitude of lyes, slanders, and perverting the truth, as the like hath not been extant : the authors of which are John Horn, Thomas Moore Senior, and Thomas Moore Junior : and the other book is falsely called truth's triumph by John Horn : which are answered for the information of the people, and the clearing of the servants of God, and the way of truth to the simple hearted from the lyes, delusions and fallacies that have proceeded from the spirit of Antichrist and blasphemy, in these men aforesaid, who profess themselves ministers of Christ but are proved ministers of Satan and unrighteousness /</subfield>
      <subfield code="c">by a witness of Christ and his work against all the works of darkness, G.W.</subfield>
    </datafield>
    <datafield ind1=" " ind2=" " tag="260">
      <subfield code="a">London :</subfield>
      <subfield code="b">Printed for Robert Wilson,</subfield>
      <subfield code="c">1660.</subfield>
    </datafield>
    <datafield ind1=" " ind2=" " tag="300">
      <subfield code="a">63 p.</subfield>
    </datafield>
    <datafield ind1=" " ind2=" " tag="500">
      <subfield code="a">Imperfect: p. 33-40 faded, with some print show-through.</subfield>
    </datafield>
    <datafield ind1=" " ind2=" " tag="500">
      <subfield code="a">Reproduction of original in the Huntington Library.</subfield>
    </datafield>
    <datafield ind1="1" ind2="0" tag="600">
      <subfield code="a">Horn, John,</subfield>
      <subfield code="d">1614-1676.</subfield>
      <subfield code="t">Fuller discovery of the dangerous principles and lying spirit of the people called Quakers made manifest.</subfield>
    </datafield>
    <datafield ind1="1" ind2="0" tag="600">
      <subfield code="a">Horn, John,</subfield>
      <subfield code="d">1614-1676.</subfield>
      <subfield code="t">Truth's triumph over deceit.</subfield>
    </datafield>
    <datafield ind1="1" ind2="0" tag="600">
      <subfield code="a">Moore, Thomas,</subfield>
      <subfield code="c">Senior.</subfield>
    </datafield>
    <datafield ind1="1" ind2="0" tag="600">
      <subfield code="a">Moore, Thomas,</subfield>
      <subfield code="c">Junior.</subfield>
    </datafield>
    <datafield ind1="1" ind2="7" tag="600">
      <subfield code="a">Moore, Thomas,</subfield>
      <subfield code="c">Junior.</subfield>
      <subfield code="2">fast</subfield>
      <subfield code="0">(OCoLC)fst00173970</subfield>
    </datafield>
    <datafield ind1=" " ind2="0" tag="650">
      <subfield code="a">Society of Friends</subfield>
      <subfield code="v">Apologetic works.</subfield>
    </datafield>
    <datafield ind1=" " ind2="7" tag="650">
      <subfield code="a">Society of Friends.</subfield>
      <subfield code="2">fast</subfield>
      <subfield code="0">(OCoLC)fst01123801</subfield>
    </datafield>
    <datafield ind1=" " ind2="7" tag="655">
      <subfield code="a">Apologetic writings.</subfield>
      <subfield code="2">fast</subfield>
      <subfield code="0">(OCoLC)fst01423698</subfield>
    </datafield>
    <datafield ind1="0" ind2=" " tag="730">
      <subfield code="a">Early English books online.</subfield>
    </datafield>
    <datafield ind1="0" ind2=" " tag="740">
      <subfield code="a">He goats horn broken.</subfield>
    </datafield>
    <datafield ind1="0" ind2=" " tag="740">
      <subfield code="a">Innocency elevated against insolency &amp; impudent falshood.</subfield>
    </datafield>
  </record>
</recordData>
</record>