
<record>
<recordSchema>marcxml</recordSchema>
<recordPacking>xml</recordPacking>
<recordData>
<record xmlns="http://www.loc.gov/MARC21/slim">
    <leader>00000cam a2200000Ma 4500</leader>
    <controlfield tag="001">977642727</controlfield>
    <controlfield tag="008">860916s1755    pau     b     000 0 eng d</controlfield>
    <datafield ind1="1" ind2=" " tag="100">
      <subfield code="a">Rockhill, John,</subfield>
      <subfield code="d">1726-1798.</subfield>
    </datafield>
    <datafield ind1="1" ind2="0" tag="245">
      <subfield code="a">Forasmuch as the judicious readers of the paper published by Charles Hoff, Junior, in answer to John Rockill's [i.e. Rockhill's] State of the controversy, are generously left to their own reflections upon Hoff's extraordinary zeal for the love of truth ...</subfield>
    </datafield>
    <datafield ind1=" " ind2=" " tag="260">
      <subfield code="a">[Philadelphia? :</subfield>
      <subfield code="b">s.n.,</subfield>
      <subfield code="c">1755]</subfield>
    </datafield>
    <datafield ind1=" " ind2=" " tag="300">
      <subfield code="a">1 sheet ([1] p.) ;</subfield>
      <subfield code="c">34 x 21 cm.</subfield>
    </datafield>
    <datafield ind1=" " ind2=" " tag="500">
      <subfield code="a">Signed: John Rockhill.</subfield>
    </datafield>
    <datafield ind1=" " ind2=" " tag="500">
      <subfield code="a">Imprint supplied by Bristol.</subfield>
    </datafield>
    <datafield ind1="1" ind2="0" tag="600">
      <subfield code="a">Rockhill, John,</subfield>
      <subfield code="d">1726-1798.</subfield>
    </datafield>
    <datafield ind1="1" ind2="0" tag="600">
      <subfield code="a">Hoff, Charles,</subfield>
      <subfield code="d">-1798.</subfield>
      <subfield code="t">Nothing but the love of truth.</subfield>
    </datafield>
    <datafield ind1="1" ind2="7" tag="600">
      <subfield code="a">Rockhill, John,</subfield>
      <subfield code="d">1726-1798.</subfield>
      <subfield code="2">fast</subfield>
      <subfield code="0">(OCoLC)fst01494337</subfield>
    </datafield>
    <datafield ind1=" " ind2="0" tag="650">
      <subfield code="a">Boundaries (Estates)</subfield>
      <subfield code="z">New Jersey</subfield>
      <subfield code="z">Bethlehem.</subfield>
    </datafield>
    <datafield ind1=" " ind2="0" tag="651">
      <subfield code="a">New Jersey</subfield>
      <subfield code="x">Boundaries.</subfield>
    </datafield>
    <datafield ind1=" " ind2="7" tag="650">
      <subfield code="a">Boundaries.</subfield>
      <subfield code="2">fast</subfield>
      <subfield code="0">(OCoLC)fst00837076</subfield>
    </datafield>
    <datafield ind1=" " ind2="7" tag="650">
      <subfield code="a">Boundaries (Estates)</subfield>
      <subfield code="2">fast</subfield>
      <subfield code="0">(OCoLC)fst00837084</subfield>
    </datafield>
    <datafield ind1=" " ind2="7" tag="651">
      <subfield code="a">New Jersey.</subfield>
      <subfield code="2">fast</subfield>
      <subfield code="0">(OCoLC)fst01208379</subfield>
    </datafield>
    <datafield ind1=" " ind2="7" tag="651">
      <subfield code="a">New Jersey</subfield>
      <subfield code="z">Bethlehem.</subfield>
      <subfield code="2">fast</subfield>
      <subfield code="0">(OCoLC)fst01217622</subfield>
    </datafield>
    <datafield ind1=" " ind2="7" tag="655">
      <subfield code="a">Broadsides.</subfield>
      <subfield code="2">rbgenr</subfield>
    </datafield>
    <datafield ind1="0" ind2=" " tag="740">
      <subfield code="a">Forasmuch as the judicious readers of the paper published by Charles Hoff, Junior ...</subfield>
    </datafield>
    <datafield ind1="4" ind2="1" tag="856">
      <subfield code="u">http://link.library.utoronto.ca/eir/EIRdetail.cfm?Resources__ID=193702&amp;T=F</subfield>
    </datafield>
  </record>
</recordData>
</record>