
<record>
<recordSchema>marcxml</recordSchema>
<recordPacking>xml</recordPacking>
<recordData>
<record xmlns="http://www.loc.gov/MARC21/slim">
    <leader>00000cam a2200000Ma 4500</leader>
    <controlfield tag="001">802089073</controlfield>
    <controlfield tag="008">860604s1659    enk     a     000 0 eng d</controlfield>
    <datafield ind1="1" ind2=" " tag="100">
      <subfield code="a">Allein, Toby.</subfield>
    </datafield>
    <datafield ind1="1" ind2="0" tag="245">
      <subfield code="a">Truths manifest revived, or, A farther discovery of Mr. Stucley and his churches causeless excommunication of Mrs. Mary Allein :</subfield>
      <subfield code="b">wherein the former narrative and observations on Mr. Stucleys sermon are reprinted, and his late scandulous pamphlet, falsly intituled Manifest truth, answered and refuted /</subfield>
      <subfield code="c">by Tobie Allein ...</subfield>
    </datafield>
    <datafield ind1=" " ind2=" " tag="260">
      <subfield code="a">London :</subfield>
      <subfield code="b">Printed by R.D. for Francis Eglesfield ...,</subfield>
      <subfield code="c">1659.</subfield>
    </datafield>
    <datafield ind1=" " ind2=" " tag="300">
      <subfield code="a">112 pages</subfield>
    </datafield>
    <datafield ind1=" " ind2=" " tag="500">
      <subfield code="a">Reproduction of original in Bodleian Library.</subfield>
    </datafield>
    <datafield ind1="1" ind2="0" tag="600">
      <subfield code="a">Stuckley, Lewis,</subfield>
      <subfield code="d">1621 or 1622-1687.</subfield>
      <subfield code="t">Manifest truth.</subfield>
    </datafield>
    <datafield ind1="1" ind2="0" tag="600">
      <subfield code="a">Mall, Thomas,</subfield>
      <subfield code="d">1629 or 1630-</subfield>
    </datafield>
    <datafield ind1="1" ind2="0" tag="600">
      <subfield code="a">Allein, Marie.</subfield>
    </datafield>
    <datafield ind1="1" ind2="7" tag="600">
      <subfield code="a">Allein, Marie.</subfield>
      <subfield code="2">fast</subfield>
      <subfield code="0">(OCoLC)fst00147506</subfield>
    </datafield>
    <datafield ind1="1" ind2="7" tag="600">
      <subfield code="a">Mall, Thomas,</subfield>
      <subfield code="d">1629 or 1630-</subfield>
      <subfield code="2">fast</subfield>
      <subfield code="0">(OCoLC)fst01832524</subfield>
    </datafield>
    <datafield ind1="0" ind2=" " tag="740">
      <subfield code="a">Truths manifest revived.</subfield>
    </datafield>
    <datafield ind1="0" ind2=" " tag="740">
      <subfield code="a">Farther discovery of Mr. Stucley and his churches causeless excommunication of Mrs. Mary Allein.</subfield>
    </datafield>
    <datafield ind1="4" ind2="0" tag="856">
      <subfield code="u">http://hdl.library.upenn.edu/1017.12/287814</subfield>
      <subfield code="z">Connect to full text</subfield>
    </datafield>
  </record>
</recordData>
</record>