
<record>
<recordSchema>marcxml</recordSchema>
<recordPacking>xml</recordPacking>
<recordData>
<record xmlns="http://www.loc.gov/MARC21/slim">
    <leader>00000cam a2200000M  4500</leader>
    <controlfield tag="001">54189044</controlfield>
    <controlfield tag="008">910411s1650    enk           000 0 eng d</controlfield>
    <datafield ind1="1" ind2=" " tag="100">
      <subfield code="a">Hammond, Henry,</subfield>
      <subfield code="d">1605-1660.</subfield>
    </datafield>
    <datafield ind1="1" ind2="2" tag="245">
      <subfield code="a">A view of some exceptions to the practicall catechisms:</subfield>
      <subfield code="b">from the censures affixt on them by the ministers of London, in a book entituled, A testimony to the truth of Jesus Christ, &amp;c. ...</subfield>
    </datafield>
    <datafield ind1=" " ind2=" " tag="260">
      <subfield code="a">London,</subfield>
      <subfield code="b">Rich: Royston,</subfield>
      <subfield code="c">[1650]</subfield>
    </datafield>
    <datafield ind1=" " ind2=" " tag="300">
      <subfield code="a">10 [i.e. 12] pages</subfield>
      <subfield code="c">20 cm</subfield>
    </datafield>
    <datafield ind1=" " ind2=" " tag="500">
      <subfield code="a">Errors in paging.</subfield>
    </datafield>
    <datafield ind1="1" ind2="0" tag="600">
      <subfield code="a">Testimony to the truth of Jesus Christ.</subfield>
    </datafield>
    <datafield ind1=" " ind2="4" tag="650">
      <subfield code="a">Brit Tracts</subfield>
      <subfield code="y">1650.</subfield>
    </datafield>
  </record>
</recordData>
</record>