
<record>
<recordSchema>marcxml</recordSchema>
<recordPacking>xml</recordPacking>
<recordData>
<record xmlns="http://www.loc.gov/MARC21/slim">
    <leader>00000cmm a2200000Mc 4500</leader>
    <controlfield tag="001">838662933</controlfield>
    <controlfield tag="008">071206s1682    xxk     o  u        eng d</controlfield>
    <datafield ind1="1" ind2=" " tag="100">
      <subfield code="a">More, Henry</subfield>
      <subfield code="d">1614-1687</subfield>
    </datafield>
    <datafield ind1="1" ind2="0" tag="245">
      <subfield code="a">Annotations upon the two foregoing treatises, Lux orientalis, or, An enquiry into the opinion of the Eastern sages concerning the prae-existence of souls, and the Discourse of truth :</subfield>
      <subfield code="b">written for the more fully clearing and further confirming the main doctrines in each treatise /</subfield>
      <subfield code="c">by one not unexercized in these kinds of speculation</subfield>
    </datafield>
    <datafield ind1="3" ind2=" " tag="260">
      <subfield code="a">London</subfield>
      <subfield code="b">Printed for J. Collins and S. Lounds</subfield>
      <subfield code="c">1682</subfield>
    </datafield>
    <datafield ind1=" " ind2=" " tag="300">
      <subfield code="a">Online-Ressource.</subfield>
    </datafield>
    <datafield ind1=" " ind2=" " tag="500">
      <subfield code="a">"Annotations upon the Discourse of truth" has separate t.p., dated 1683</subfield>
    </datafield>
    <datafield ind1=" " ind2=" " tag="500">
      <subfield code="a">Reproduction of original in the Union Theological Seminary Library, New York</subfield>
    </datafield>
    <datafield ind1=" " ind2=" " tag="500">
      <subfield code="a">Wing, M2638</subfield>
    </datafield>
    <datafield ind1="1" ind2="0" tag="600">
      <subfield code="a">Glanvill, Joseph,</subfield>
      <subfield code="d">1636-1680.</subfield>
      <subfield code="t">Lux orientalis.</subfield>
    </datafield>
    <datafield ind1="1" ind2="0" tag="600">
      <subfield code="a">Rust, George,</subfield>
      <subfield code="d">-1670.</subfield>
      <subfield code="t">Discourse of truth.</subfield>
    </datafield>
    <datafield ind1="0" ind2="7" tag="630">
      <subfield code="a">Lux orientalis (Glanvill, Joseph)</subfield>
      <subfield code="2">fast</subfield>
      <subfield code="0">(OCoLC)fst01365844</subfield>
    </datafield>
    <datafield ind1=" " ind2="0" tag="650">
      <subfield code="a">Pre-existence.</subfield>
    </datafield>
    <datafield ind1=" " ind2="0" tag="650">
      <subfield code="a">Truth.</subfield>
    </datafield>
    <datafield ind1=" " ind2="7" tag="650">
      <subfield code="a">Pre-existence</subfield>
      <subfield code="2">fast</subfield>
      <subfield code="0">(OCoLC)fst01074784</subfield>
    </datafield>
    <datafield ind1=" " ind2="7" tag="650">
      <subfield code="a">Truth</subfield>
      <subfield code="2">fast</subfield>
      <subfield code="0">(OCoLC)fst01158235</subfield>
    </datafield>
    <datafield ind1="4" ind2="0" tag="856">
      <subfield code="u">http://gateway.proquest.com/openurl?ctx_ver=Z39.88-2003&amp;res_id=xri:eebo&amp;rft_val_fmt=&amp;rft_id=xri:eebo:image:40991</subfield>
    </datafield>
  </record>
</recordData>
</record>