
<record>
<recordSchema>marcxml</recordSchema>
<recordPacking>xml</recordPacking>
<recordData>
<record xmlns="http://www.loc.gov/MARC21/slim">
    <leader>00000cam a2200000Ma 4500</leader>
    <controlfield tag="001">1086776503</controlfield>
    <controlfield tag="008">850301s1693    enk     s     000 0 eng d</controlfield>
    <datafield ind1="1" ind2=" " tag="100">
      <subfield code="a">Beverley, Thomas.</subfield>
    </datafield>
    <datafield ind1="1" ind2="4" tag="245">
      <subfield code="a">The true state of Gospel truth, established upon the free election of God in Christ :</subfield>
      <subfield code="b">the agreement, and yet difference between law and Gospel, so, that the Gospel cannot be stiled law : the inconditionateness of the Gospel salvation : the procedure of the day of judgment : in the way of a conciliatory discourse upon Mr. Williams his concessions /</subfield>
      <subfield code="c">by T. Beverley.</subfield>
    </datafield>
    <datafield ind1=" " ind2=" " tag="260">
      <subfield code="a">London :</subfield>
      <subfield code="b">Printed for William Marshall ...,</subfield>
      <subfield code="c">1693.</subfield>
    </datafield>
    <datafield ind1=" " ind2=" " tag="300">
      <subfield code="a">[4], 36 p.</subfield>
    </datafield>
    <datafield ind1=" " ind2=" " tag="500">
      <subfield code="a">Reproduction of original in Cambridge University Library.</subfield>
    </datafield>
    <datafield ind1="1" ind2="0" tag="600">
      <subfield code="a">Williams, Daniel,</subfield>
      <subfield code="d">1643?-1716.</subfield>
      <subfield code="t">Defence of Gospel truth.</subfield>
    </datafield>
    <datafield ind1=" " ind2="0" tag="650">
      <subfield code="a">Salvation</subfield>
      <subfield code="v">Early works to 1800.</subfield>
    </datafield>
    <datafield ind1=" " ind2="0" tag="650">
      <subfield code="a">Election (Theology)</subfield>
    </datafield>
    <datafield ind1=" " ind2="7" tag="650">
      <subfield code="a">Election (Theology)</subfield>
      <subfield code="2">fast</subfield>
      <subfield code="0">(OCoLC)fst00904285</subfield>
    </datafield>
    <datafield ind1=" " ind2="7" tag="650">
      <subfield code="a">Salvation.</subfield>
      <subfield code="2">fast</subfield>
      <subfield code="0">(OCoLC)fst01104418</subfield>
    </datafield>
    <datafield ind1=" " ind2="7" tag="655">
      <subfield code="a">Early works.</subfield>
      <subfield code="2">fast</subfield>
      <subfield code="0">(OCoLC)fst01411636</subfield>
    </datafield>
    <datafield ind1="0" ind2=" " tag="730">
      <subfield code="a">Early English books online.</subfield>
    </datafield>
  </record>
</recordData>
</record>