
<record>
<recordSchema>marcxml</recordSchema>
<recordPacking>xml</recordPacking>
<recordData>
<record xmlns="http://www.loc.gov/MARC21/slim">
    <leader>00000cam a2200000Ma 4500</leader>
    <controlfield tag="001">1087160777</controlfield>
    <controlfield tag="008">830614s1680    enk     a     000 0 eng d</controlfield>
    <datafield ind1="0" ind2=" " tag="100">
      <subfield code="a">Well-wisher to the nations happiness and prosperity.</subfield>
    </datafield>
    <datafield ind1="1" ind2="2" tag="245">
      <subfield code="a">A serious vindication of the Church of England :</subfield>
      <subfield code="b">shewing the nations happiness under the present government : being a seasonable answer to a late pamphlet entituled The naked truth /</subfield>
      <subfield code="c">by a well-wisher to the nations happiness and prosperity.</subfield>
    </datafield>
    <datafield ind1=" " ind2=" " tag="260">
      <subfield code="a">London :</subfield>
      <subfield code="b">Printed for A. Banks,</subfield>
      <subfield code="c">1680.</subfield>
    </datafield>
    <datafield ind1=" " ind2=" " tag="300">
      <subfield code="a">4 p.</subfield>
    </datafield>
    <datafield ind1=" " ind2=" " tag="500">
      <subfield code="a">Caption title.</subfield>
    </datafield>
    <datafield ind1=" " ind2=" " tag="500">
      <subfield code="a">Reproduction of original in the Harvard University Library.</subfield>
    </datafield>
    <datafield ind1="0" ind2="0" tag="630">
      <subfield code="a">Naked truth.</subfield>
    </datafield>
    <datafield ind1=" " ind2="0" tag="650">
      <subfield code="a">Church and state</subfield>
      <subfield code="x">Church of England.</subfield>
    </datafield>
    <datafield ind1=" " ind2="7" tag="650">
      <subfield code="a">Church and state</subfield>
      <subfield code="x">Church of England.</subfield>
      <subfield code="2">fast</subfield>
      <subfield code="0">(OCoLC)fst00860515</subfield>
    </datafield>
    <datafield ind1="0" ind2=" " tag="730">
      <subfield code="a">Early English books online.</subfield>
    </datafield>
  </record>
</recordData>
</record>