
<record>
<recordSchema>marcxml</recordSchema>
<recordPacking>xml</recordPacking>
<recordData>
<record xmlns="http://www.loc.gov/MARC21/slim">
    <leader>00000cmm a2200000Mc 4500</leader>
    <controlfield tag="001">839412663</controlfield>
    <controlfield tag="008">071206s1657    xxk     o  u        eng d</controlfield>
    <datafield ind1="1" ind2=" " tag="100">
      <subfield code="a">Weld, Thomas</subfield>
      <subfield code="d">1590?-1662</subfield>
    </datafield>
    <datafield ind1="1" ind2="0" tag="245">
      <subfield code="a">Mr. Tillam's account examined. Or, A brief reply to his unchristian account of some passages of Providence :</subfield>
      <subfield code="b">By a friend to truth, and to Mr. Tillam's own soul, if God have not sealed him down under hardness of heart. Written for the sake of such poor honest souls in Colchester, and the parts adjacent, as are misled through his inchantments</subfield>
    </datafield>
    <datafield ind1="3" ind2=" " tag="260">
      <subfield code="a">London</subfield>
      <subfield code="b">printed for the author</subfield>
      <subfield code="c">1657</subfield>
    </datafield>
    <datafield ind1=" " ind2=" " tag="300">
      <subfield code="a">Online-Ressource.</subfield>
    </datafield>
    <datafield ind1=" " ind2=" " tag="500">
      <subfield code="a">In answer to Thomas Tillam's "A Christian account". Title untraced</subfield>
    </datafield>
    <datafield ind1=" " ind2=" " tag="500">
      <subfield code="a">Reproduction of original in the Bodleian Library, Oxford, England</subfield>
    </datafield>
    <datafield ind1=" " ind2=" " tag="500">
      <subfield code="a">Wing (CD-ROM, 1996), W1268aA</subfield>
    </datafield>
    <datafield ind1=" " ind2=" " tag="500">
      <subfield code="a">With a final advertisement leaf</subfield>
    </datafield>
    <datafield ind1="1" ind2="0" tag="600">
      <subfield code="a">Tillam, Thomas</subfield>
      <subfield code="t">Christian account</subfield>
      <subfield code="v">Early works to 1800</subfield>
    </datafield>
    <datafield ind1=" " ind2="0" tag="650">
      <subfield code="a">Providence and government of God</subfield>
      <subfield code="v">Early works to 1800.</subfield>
    </datafield>
    <datafield ind1=" " ind2="0" tag="650">
      <subfield code="a">Truth</subfield>
      <subfield code="x">Religious aspects</subfield>
      <subfield code="x">Christianity</subfield>
      <subfield code="v">Early works to 1800.</subfield>
    </datafield>
    <datafield ind1=" " ind2="7" tag="650">
      <subfield code="a">Providence and government of God</subfield>
      <subfield code="2">fast</subfield>
      <subfield code="0">(OCoLC)fst01080657</subfield>
    </datafield>
    <datafield ind1=" " ind2="7" tag="650">
      <subfield code="a">Truth</subfield>
      <subfield code="x">Religious aspects</subfield>
      <subfield code="x">Christianity</subfield>
      <subfield code="2">fast</subfield>
      <subfield code="0">(OCoLC)fst01158248</subfield>
    </datafield>
    <datafield ind1=" " ind2="7" tag="655">
      <subfield code="a">Early works</subfield>
      <subfield code="2">fast</subfield>
      <subfield code="0">(OCoLC)fst01411636</subfield>
    </datafield>
    <datafield ind1="4" ind2="0" tag="856">
      <subfield code="u">http://gateway.proquest.com/openurl?ctx_ver=Z39.88-2003&amp;res_id=xri:eebo&amp;rft_val_fmt=&amp;rft_id=xri:eebo:image:137293</subfield>
    </datafield>
  </record>
</recordData>
</record>