
<record>
<recordSchema>marcxml</recordSchema>
<recordPacking>xml</recordPacking>
<recordData>
<record xmlns="http://www.loc.gov/MARC21/slim">
    <leader>00000cam a2200000Ii 4500</leader>
    <controlfield tag="001">9102979</controlfield>
    <controlfield tag="008">830105t18841875miu           000 0 eng d</controlfield>
    <datafield ind1="1" ind2=" " tag="100">
      <subfield code="a">Truth, Sojourner,</subfield>
      <subfield code="d">1799-1883,</subfield>
      <subfield code="e">author.</subfield>
    </datafield>
    <datafield ind1="1" ind2="0" tag="245">
      <subfield code="a">Narrative of Sojourner Truth :</subfield>
      <subfield code="b">a bondswoman of olden time, emancipated by the New York legislature in the early part of the present century.</subfield>
    </datafield>
    <datafield ind1=" " ind2=" " tag="260">
      <subfield code="a">Battle Creek, Mich. :</subfield>
      <subfield code="b">Review and Herald Office,</subfield>
      <subfield code="c">1884.</subfield>
    </datafield>
    <datafield ind1=" " ind2=" " tag="300">
      <subfield code="a">320 pages :</subfield>
      <subfield code="b">front</subfield>
    </datafield>
    <datafield ind1=" " ind2=" " tag="500">
      <subfield code="a">Xeroxed copy.</subfield>
    </datafield>
    <datafield ind1="1" ind2="0" tag="600">
      <subfield code="a">Truth, Sojourner,</subfield>
      <subfield code="d">1799-1883.</subfield>
    </datafield>
    <datafield ind1="1" ind2="7" tag="600">
      <subfield code="a">Truth, Sojourner,</subfield>
      <subfield code="d">1799-1883</subfield>
      <subfield code="2">fast</subfield>
      <subfield code="0">(OCoLC)fst01851782</subfield>
    </datafield>
    <datafield ind1="1" ind2=" " tag="700">
      <subfield code="a">Gilbert, Olive,</subfield>
      <subfield code="e">editor.</subfield>
    </datafield>
  </record>
</recordData>
</record>