
<record>
<recordSchema>marcxml</recordSchema>
<recordPacking>xml</recordPacking>
<recordData>
<record xmlns="http://www.loc.gov/MARC21/slim">
    <leader>00000cam a2200000Ii 4500</leader>
    <controlfield tag="001">6704963</controlfield>
    <controlfield tag="008">800912s1875    mauch   b     000 0beng d</controlfield>
    <datafield ind1="1" ind2=" " tag="100">
      <subfield code="a">Truth, Sojourner,</subfield>
      <subfield code="d">1799-1883,</subfield>
      <subfield code="e">author.</subfield>
    </datafield>
    <datafield ind1="1" ind2="0" tag="245">
      <subfield code="a">Narrative of Sojourner Truth :</subfield>
      <subfield code="b">a bondswoman of olden time, emancipated by the New York legislature in the early part of the present century, with a history of her labors and corresondence, drawn from her "Book of life "</subfield>
    </datafield>
    <datafield ind1=" " ind2=" " tag="260">
      <subfield code="a">Boston :</subfield>
      <subfield code="b">The author,</subfield>
      <subfield code="c">1875.</subfield>
    </datafield>
    <datafield ind1=" " ind2=" " tag="300">
      <subfield code="a">324 pages :</subfield>
      <subfield code="b">portrait, facsimiles</subfield>
    </datafield>
    <datafield ind1="1" ind2="0" tag="600">
      <subfield code="a">Truth, Sojourner,</subfield>
      <subfield code="d">1799-1883.</subfield>
    </datafield>
    <datafield ind1=" " ind2="0" tag="650">
      <subfield code="a">Slaves</subfield>
      <subfield code="z">United States</subfield>
      <subfield code="v">Biography.</subfield>
    </datafield>
    <datafield ind1="1" ind2="7" tag="600">
      <subfield code="a">Truth, Sojourner,</subfield>
      <subfield code="d">1799-1883</subfield>
      <subfield code="2">fast</subfield>
      <subfield code="0">(OCoLC)fst01851782</subfield>
    </datafield>
    <datafield ind1=" " ind2="7" tag="650">
      <subfield code="a">Slaves.</subfield>
      <subfield code="2">fast</subfield>
      <subfield code="0">(OCoLC)fst01120522</subfield>
    </datafield>
    <datafield ind1=" " ind2="7" tag="651">
      <subfield code="a">United States.</subfield>
      <subfield code="2">fast</subfield>
      <subfield code="0">(OCoLC)fst01204155</subfield>
    </datafield>
    <datafield ind1=" " ind2="7" tag="655">
      <subfield code="a">Biographies.</subfield>
      <subfield code="2">fast</subfield>
      <subfield code="0">(OCoLC)fst01919896</subfield>
    </datafield>
    <datafield ind1=" " ind2="7" tag="655">
      <subfield code="a">Biographies.</subfield>
      <subfield code="2">lcgft</subfield>
    </datafield>
    <datafield ind1="1" ind2=" " tag="700">
      <subfield code="a">Gilbert, Olive,</subfield>
      <subfield code="e">editor.</subfield>
    </datafield>
    <datafield ind1="1" ind2=" " tag="700">
      <subfield code="a">Titus, Frances W.</subfield>
    </datafield>
  </record>
</recordData>
</record>