
<record>
<recordSchema>marcxml</recordSchema>
<recordPacking>xml</recordPacking>
<recordData>
<record xmlns="http://www.loc.gov/MARC21/slim">
    <leader>00000cam a2200000Mc 4500</leader>
    <controlfield tag="001">837912802</controlfield>
    <controlfield tag="008">071206s1792    xxu     o     000 0 eng d</controlfield>
    <datafield ind1="0" ind2="0" tag="245">
      <subfield code="a">To the free &amp; independent electors of the state of New-York</subfield>
      <subfield code="b">Fellow citizens, A publication under the signature of Plain truth, hath been addressed to you, on the subject of the ensuing election. Its object is to persuade you, that Governor Clinton, as president of the Commissioners of the Land Office, has acted with propriety in that station ... See for your selves, and determine, whether this land ... has not been squandered away</subfield>
    </datafield>
    <datafield ind1=" " ind2="1" tag="264">
      <subfield code="a">Erscheinungsort nicht ermittelbar</subfield>
      <subfield code="b">Verlag nicht ermittelbar</subfield>
      <subfield code="c">[1792]</subfield>
    </datafield>
    <datafield ind1=" " ind2="1" tag="264">
      <subfield code="a">S.L.</subfield>
      <subfield code="b">Verlag nicht ermittelbar</subfield>
      <subfield code="c">[1792]</subfield>
    </datafield>
    <datafield ind1=" " ind2=" " tag="300">
      <subfield code="a">Online-Ressource</subfield>
      <subfield code="a">1 sheet ([1] Seiten)</subfield>
    </datafield>
    <datafield ind1=" " ind2=" " tag="500">
      <subfield code="a">Includes files in TIFF, GIF and PDF formats with inclusion of keyword searchable text</subfield>
    </datafield>
    <datafield ind1=" " ind2=" " tag="500">
      <subfield code="a">Accusing Gov. Clinton of using his position as president of the Commissioners of the Land Office to reward his friends and supporters with large grants of public lands at very low prices. This controversy was a feature of the bitter gubernatorial campaign of 1792; the work to which this replies (Evans 24859) is dated Apr. 11, 1792</subfield>
    </datafield>
    <datafield ind1=" " ind2=" " tag="500">
      <subfield code="a">Bristol, B7844</subfield>
    </datafield>
    <datafield ind1=" " ind2=" " tag="500">
      <subfield code="a">Followed by: Resolutions proposed by Mr. Talbot to the House of Assembly, and on which the friends of Mr. Clinton precluded a question, by moving their resolution as an amendment</subfield>
    </datafield>
    <datafield ind1=" " ind2=" " tag="500">
      <subfield code="a">Place of publication supplied by Bristol, who dates it erroneously 1791</subfield>
    </datafield>
    <datafield ind1=" " ind2=" " tag="500">
      <subfield code="a">Shipton &amp; Mooney, 46301</subfield>
    </datafield>
    <datafield ind1=" " ind2=" " tag="500">
      <subfield code="a">Text in two columns</subfield>
    </datafield>
    <datafield ind1="1" ind2="0" tag="600">
      <subfield code="a">Clinton, George,</subfield>
      <subfield code="d">1739-1812.</subfield>
    </datafield>
    <datafield ind1="1" ind2="0" tag="600">
      <subfield code="a">Plain Truth.</subfield>
      <subfield code="t">To the independent electors of the state of New York</subfield>
    </datafield>
    <datafield ind1="1" ind2="0" tag="610">
      <subfield code="a">New York (State).</subfield>
      <subfield code="b">Board of Commissioners of the Land Office.</subfield>
    </datafield>
    <datafield ind1=" " ind2="0" tag="650">
      <subfield code="a">Elections</subfield>
      <subfield code="z">New York (State)</subfield>
    </datafield>
    <datafield ind1=" " ind2="0" tag="650">
      <subfield code="a">Public land sales</subfield>
      <subfield code="z">New York (State)</subfield>
    </datafield>
    <datafield ind1=" " ind2="0" tag="650">
      <subfield code="a">Real property</subfield>
      <subfield code="z">New York (State)</subfield>
    </datafield>
    <datafield ind1=" " ind2="0" tag="651">
      <subfield code="a">New York (State)</subfield>
      <subfield code="x">Politics and government</subfield>
      <subfield code="y">1775-1865.</subfield>
    </datafield>
    <datafield ind1="1" ind2="7" tag="600">
      <subfield code="a">Clinton, George,</subfield>
      <subfield code="d">1739-1812</subfield>
      <subfield code="2">fast</subfield>
      <subfield code="0">(OCoLC)fst00194708</subfield>
    </datafield>
    <datafield ind1="1" ind2="7" tag="610">
      <subfield code="a">New York (State).</subfield>
      <subfield code="b">Board of Commissioners of the Land Office</subfield>
      <subfield code="2">fast</subfield>
      <subfield code="0">(OCoLC)fst00619198</subfield>
    </datafield>
    <datafield ind1=" " ind2="7" tag="650">
      <subfield code="a">Elections</subfield>
      <subfield code="2">fast</subfield>
      <subfield code="0">(OCoLC)fst00904324</subfield>
    </datafield>
    <datafield ind1=" " ind2="7" tag="650">
      <subfield code="a">Politics and government</subfield>
      <subfield code="2">fast</subfield>
      <subfield code="0">(OCoLC)fst01919741</subfield>
    </datafield>
    <datafield ind1=" " ind2="7" tag="650">
      <subfield code="a">Public land sales</subfield>
      <subfield code="2">fast</subfield>
      <subfield code="0">(OCoLC)fst01082567</subfield>
    </datafield>
    <datafield ind1=" " ind2="7" tag="650">
      <subfield code="a">Real property</subfield>
      <subfield code="2">fast</subfield>
      <subfield code="0">(OCoLC)fst01091096</subfield>
    </datafield>
    <datafield ind1=" " ind2="7" tag="651">
      <subfield code="a">New York (State)</subfield>
      <subfield code="2">fast</subfield>
      <subfield code="0">(OCoLC)fst01210280</subfield>
    </datafield>
    <datafield ind1=" " ind2="7" tag="655">
      <subfield code="a">Broadsides.</subfield>
      <subfield code="2">rbgenr</subfield>
    </datafield>
    <datafield ind1="1" ind2=" " tag="700">
      <subfield code="a">Talbot, Silas,</subfield>
      <subfield code="d">1751-1813</subfield>
    </datafield>
    <datafield ind1="4" ind2="0" tag="856">
      <subfield code="3">Early American Imprints</subfield>
      <subfield code="u">http://opac.newsbank.com/select/evans/46301</subfield>
    </datafield>
    <datafield ind1="4" ind2="0" tag="856">
      <subfield code="u">https://nl.sub.uni-goettingen.de/id/aas03006780?origin=/collection/eai1</subfield>
      <subfield code="z">Nationallizenz</subfield>
    </datafield>
  </record>
</recordData>
</record>