
<record>
<recordSchema>marcxml</recordSchema>
<recordPacking>xml</recordPacking>
<recordData>
<record xmlns="http://www.loc.gov/MARC21/slim">
    <leader>00000cam a2200000Ma 4500</leader>
    <controlfield tag="001">437926005</controlfield>
    <controlfield tag="008">950918s1845    nyu     o     000 0 eng d</controlfield>
    <datafield ind1="0" ind2="0" tag="245">
      <subfield code="a">Mitchell's Olympic Theatre. :</subfield>
      <subfield code="b">Doors open at half-past 6 ... Thursday evening, Feb. 6th the entertainments will commence with (for the 2d time in America) a new farce being performed in London with great success, entitled Young England ... After which a drama in 2 acts, translated from the French by Charles Selby ... called The Devil in Paris! ... To conclude with a new local extravaganza, peculiar to this theatre, entitled The mirror of truth ...</subfield>
    </datafield>
    <datafield ind1=" " ind2=" " tag="260">
      <subfield code="a">[New York] :</subfield>
      <subfield code="b">Applegate's Steam Presses, 17 Ann Street, N.Y.,</subfield>
      <subfield code="c">[1845]</subfield>
    </datafield>
    <datafield ind1=" " ind2=" " tag="300">
      <subfield code="a">1 online resource (1 sheet ([1] pages)).</subfield>
    </datafield>
    <datafield ind1="1" ind2=" " tag="490">
      <subfield code="a">Archive of Americana.</subfield>
    </datafield>
    <datafield ind1=" " ind2=" " tag="500">
      <subfield code="a">Performed in 1845 at Mitchell's Olympic Theatre, New York; cf. Odell, G.C.D. Annals of the New York stage, v. 5, p. 126.</subfield>
    </datafield>
    <datafield ind1=" " ind2=" " tag="500">
      <subfield code="a">"Dress circle--50 cents. Pit, --one shilling Upper boxes--25 cts. Private boxes, --five dollars Orchestra boxes, --three dollars."</subfield>
    </datafield>
    <datafield ind1=" " ind2=" " tag="500">
      <subfield code="a">Printed area measures 43.4 x 11.7 cm.</subfield>
    </datafield>
    <datafield ind1="1" ind2="0" tag="600">
      <subfield code="a">Morton, John Maddison,</subfield>
      <subfield code="d">1811-1891.</subfield>
      <subfield code="t">Young England.</subfield>
    </datafield>
    <datafield ind1="1" ind2="0" tag="600">
      <subfield code="a">Selby, Charles,</subfield>
      <subfield code="d">1802?-1863.</subfield>
      <subfield code="t">Devil in Paris.</subfield>
    </datafield>
    <datafield ind1="1" ind2="0" tag="600">
      <subfield code="a">Revoil, Benedict-Henry,</subfield>
      <subfield code="d">1816-1882.</subfield>
      <subfield code="t">Mirror of truth.</subfield>
    </datafield>
    <datafield ind1=" " ind2="0" tag="650">
      <subfield code="a">Drama</subfield>
      <subfield code="y">19th century.</subfield>
    </datafield>
    <datafield ind1=" " ind2="0" tag="650">
      <subfield code="a">Theater</subfield>
      <subfield code="z">New York (State)</subfield>
      <subfield code="z">New York.</subfield>
    </datafield>
    <datafield ind1=" " ind2="7" tag="650">
      <subfield code="a">Drama.</subfield>
      <subfield code="2">fast</subfield>
      <subfield code="0">(OCoLC)fst00897468</subfield>
    </datafield>
    <datafield ind1=" " ind2="7" tag="650">
      <subfield code="a">Theater.</subfield>
      <subfield code="2">fast</subfield>
      <subfield code="0">(OCoLC)fst01149217</subfield>
    </datafield>
    <datafield ind1=" " ind2="7" tag="651">
      <subfield code="a">New York (State)</subfield>
      <subfield code="z">New York.</subfield>
      <subfield code="2">fast</subfield>
      <subfield code="0">(OCoLC)fst01204333</subfield>
    </datafield>
    <datafield ind1=" " ind2="7" tag="655">
      <subfield code="a">Broadsides.</subfield>
      <subfield code="2">rbgenr</subfield>
    </datafield>
    <datafield ind1=" " ind2="7" tag="655">
      <subfield code="a">Playbills.</subfield>
      <subfield code="2">rbgenr</subfield>
    </datafield>
    <datafield ind1="2" ind2=" " tag="710">
      <subfield code="a">Mitchell's Olympic Theatre (New York, N.Y.)</subfield>
    </datafield>
    <datafield ind1="4" ind2="1" tag="856">
      <subfield code="u">http://opac.newsbank.com/select/broadsides1/6536</subfield>
    </datafield>
    <datafield ind1="4" ind2="1" tag="856">
      <subfield code="u">http://ezproxy.bpl.org/login?url=http://opac.newsbank.com/select/broadsides1/6536</subfield>
      <subfield code="x">American Broadsides and Ephemera</subfield>
      <subfield code="y">Click here to see digital image.</subfield>
    </datafield>
  </record>
</recordData>
</record>