
<record>
<recordSchema>marcxml</recordSchema>
<recordPacking>xml</recordPacking>
<recordData>
<record xmlns="http://www.loc.gov/MARC21/slim">
    <leader>00000cam a2200000Ma 4500</leader>
    <controlfield tag="001">765810136</controlfield>
    <controlfield tag="008">770224s1826    xxu     o     000 0deng d</controlfield>
    <datafield ind1="0" ind2=" " tag="100">
      <subfield code="a">Friend to truth.</subfield>
    </datafield>
    <datafield ind1="1" ind2="0" tag="245">
      <subfield code="a">Candid enquiries and interrogations relative to the difficulties which existed in the town of Manchester, Massachusetts, from the year 1816 to the year 1819 /</subfield>
      <subfield code="c">by A friend to truth.</subfield>
    </datafield>
    <datafield ind1=" " ind2=" " tag="260">
      <subfield code="a">[U.S.] :</subfield>
      <subfield code="b">[publisher not identified],</subfield>
      <subfield code="c">[1826?]</subfield>
    </datafield>
    <datafield ind1=" " ind2=" " tag="300">
      <subfield code="a">1 online resource (8 pages)</subfield>
    </datafield>
    <datafield ind1=" " ind2=" " tag="500">
      <subfield code="a">"Having seen a pamphlet entitled Truth espoused, compiled by Tyler Parsons [1823], and after waiting over two years in hopes that some one would call on the compiler for some further information ... I have thought proper to make the following inquiries ..."--Page [3]. Sabin, no. 58914, attributes "Candid enquiries ..." to Tyler Parsons, also.</subfield>
    </datafield>
    <datafield ind1=" " ind2=" " tag="500">
      <subfield code="a">"Hypocrisy exposed."--Page 8.</subfield>
    </datafield>
    <datafield ind1=" " ind2=" " tag="500">
      <subfield code="a">Reproduction of original from The American Antiquarian Society.</subfield>
    </datafield>
    <datafield ind1="1" ind2="0" tag="600">
      <subfield code="a">Thurston, James,</subfield>
      <subfield code="d">1769-1835.</subfield>
    </datafield>
    <datafield ind1="1" ind2="0" tag="600">
      <subfield code="a">Parsons, Tyler,</subfield>
      <subfield code="d">1775 or 1776-1853.</subfield>
      <subfield code="t">Truth espoused, relative to the difficulties that existed in the town of Manchester, Massachusetts.</subfield>
    </datafield>
    <datafield ind1="2" ind2="0" tag="610">
      <subfield code="a">Orthodox Congregational Church (Manchester, Mass.)</subfield>
    </datafield>
    <datafield ind1="1" ind2="7" tag="600">
      <subfield code="a">Thurston, James,</subfield>
      <subfield code="d">1769-1835.</subfield>
      <subfield code="2">fast</subfield>
      <subfield code="0">(OCoLC)fst00507381</subfield>
    </datafield>
    <datafield ind1="2" ind2="7" tag="610">
      <subfield code="a">Orthodox Congregational Church (Manchester, Mass.)</subfield>
      <subfield code="2">fast</subfield>
      <subfield code="0">(OCoLC)fst00715219</subfield>
    </datafield>
    <datafield ind1=" " ind2="0" tag="650">
      <subfield code="a">Church controversies</subfield>
      <subfield code="z">Massachusetts</subfield>
      <subfield code="z">Manchester.</subfield>
    </datafield>
    <datafield ind1=" " ind2="0" tag="651">
      <subfield code="a">Manchester (Mass.)</subfield>
      <subfield code="x">Church history.</subfield>
    </datafield>
    <datafield ind1=" " ind2="7" tag="650">
      <subfield code="a">Church controversies.</subfield>
      <subfield code="2">fast</subfield>
      <subfield code="0">(OCoLC)fst00860661</subfield>
    </datafield>
    <datafield ind1=" " ind2="7" tag="651">
      <subfield code="a">Massachusetts</subfield>
      <subfield code="z">Manchester.</subfield>
      <subfield code="2">fast</subfield>
      <subfield code="0">(OCoLC)fst01219023</subfield>
    </datafield>
    <datafield ind1=" " ind2="7" tag="655">
      <subfield code="a">Church history.</subfield>
      <subfield code="2">fast</subfield>
      <subfield code="0">(OCoLC)fst01411629</subfield>
    </datafield>
    <datafield ind1="1" ind2=" " tag="700">
      <subfield code="a">Parsons, Tyler.</subfield>
    </datafield>
    <datafield ind1="0" ind2="2" tag="740">
      <subfield code="a">Hypocrisy exposed.</subfield>
    </datafield>
    <datafield ind1="4" ind2="0" tag="856">
      <subfield code="u">http://galenet.galegroup.com/servlet/Sabin?af=RN&amp;ae=CY110688620&amp;srchtp=a&amp;ste=14</subfield>
      <subfield code="z">Full text online</subfield>
    </datafield>
    <datafield ind1="0" ind2=" " tag="856">
      <subfield code="u">http://galenet.galegroup.com/servlet/Sabin?af=RN&amp;ae=CY110688620&amp;srchtp=a&amp;ste=14&amp;q=marriottlibrary</subfield>
      <subfield code="z">Full text online</subfield>
    </datafield>
    <datafield ind1="0" ind2=" " tag="856">
      <subfield code="u">http://www.library.yorku.ca/e/resolver/id/2316679</subfield>
      <subfield code="z">Full text online</subfield>
    </datafield>
  </record>
</recordData>
</record>