
<record>
<recordSchema>marcxml</recordSchema>
<recordPacking>xml</recordPacking>
<recordData>
<record xmlns="http://www.loc.gov/MARC21/slim">
    <leader>00000cam a2200000Ia 4500</leader>
    <controlfield tag="001">16269868</controlfield>
    <controlfield tag="008">870723s1903    miua          000 0 eng d</controlfield>
    <datafield ind1="1" ind2=" " tag="100">
      <subfield code="a">Wood-Allen, Mary,</subfield>
      <subfield code="d">1841-1908.</subfield>
    </datafield>
    <datafield ind1="1" ind2="0" tag="245">
      <subfield code="a">Teaching truth /</subfield>
      <subfield code="c">by Mary Wood-Allen.</subfield>
    </datafield>
    <datafield ind1=" " ind2=" " tag="260">
      <subfield code="a">Ann Arbor, Mich. :</subfield>
      <subfield code="b">Wood-Allen Pub. Co.,</subfield>
      <subfield code="c">1903.</subfield>
    </datafield>
    <datafield ind1=" " ind2=" " tag="300">
      <subfield code="a">97 pages :</subfield>
      <subfield code="b">illustrations ;</subfield>
      <subfield code="c">17 cm.</subfield>
    </datafield>
    <datafield ind1="0" ind2=" " tag="490">
      <subfield code="a">Teaching truth series</subfield>
    </datafield>
    <datafield ind1=" " ind2=" " tag="500">
      <subfield code="a">Includes poems: Motherhood / Mary Wood Allen. Where did you come from, baby dear? / George Macdonald. Fatherhood / Bayard Taylor.</subfield>
    </datafield>
    <datafield ind1=" " ind2="0" tag="650">
      <subfield code="a">Truth.</subfield>
    </datafield>
    <datafield ind1=" " ind2="0" tag="650">
      <subfield code="a">Sex instruction for children.</subfield>
    </datafield>
    <datafield ind1=" " ind2="7" tag="650">
      <subfield code="a">Sex instruction for children.</subfield>
      <subfield code="2">fast</subfield>
      <subfield code="0">(OCoLC)fst01114516</subfield>
    </datafield>
    <datafield ind1=" " ind2="7" tag="650">
      <subfield code="a">Truth.</subfield>
      <subfield code="2">fast</subfield>
      <subfield code="0">(OCoLC)fst01158235</subfield>
    </datafield>
  </record>
</recordData>
</record>