
<record>
<recordSchema>marcxml</recordSchema>
<recordPacking>xml</recordPacking>
<recordData>
<record xmlns="http://www.loc.gov/MARC21/slim">
    <leader>00000cim a2200000Ia 4500</leader>
    <controlfield tag="001">12363164</controlfield>
    <controlfield tag="008">850808q19001984ilunnnn  r     bh n eng d</controlfield>
    <datafield ind1="0" ind2="0" tag="245">
      <subfield code="a">Sojourner Truth.</subfield>
    </datafield>
    <datafield ind1=" " ind2=" " tag="260">
      <subfield code="a">[Kankakee, Ill.] :</subfield>
      <subfield code="b">Imperial International Learning,</subfield>
      <subfield code="c">[19--]</subfield>
    </datafield>
    <datafield ind1=" " ind2=" " tag="300">
      <subfield code="a">1 audiocassette (20 min.) :</subfield>
      <subfield code="b">1 7/8 ips +</subfield>
      <subfield code="e">student booklets and 1 teacher's manual (146 pages : illustrations ; 24 cm).</subfield>
    </datafield>
    <datafield ind1="0" ind2=" " tag="490">
      <subfield code="a">Black heritage</subfield>
    </datafield>
    <datafield ind1=" " ind2=" " tag="520">
      <subfield code="a">A portrayal of the life and work of Sojourner Truth.</subfield>
    </datafield>
    <datafield ind1="1" ind2="0" tag="600">
      <subfield code="a">Truth, Sojourner,</subfield>
      <subfield code="d">1799-1883.</subfield>
    </datafield>
    <datafield ind1="1" ind2="7" tag="600">
      <subfield code="a">Truth, Sojourner,</subfield>
      <subfield code="d">1799-1883</subfield>
      <subfield code="2">fast</subfield>
      <subfield code="0">(OCoLC)fst01851782</subfield>
    </datafield>
    <datafield ind1="2" ind2=" " tag="710">
      <subfield code="a">Imperial International Learning Corporation.</subfield>
    </datafield>
  </record>
</recordData>
</record>