
<record>
<recordSchema>marcxml</recordSchema>
<recordPacking>xml</recordPacking>
<recordData>
<record xmlns="http://www.loc.gov/MARC21/slim">
    <leader>00000cam a2200000Ma 4500</leader>
    <controlfield tag="001">309873416</controlfield>
    <controlfield tag="008">081208s1871    enk           000 0 eng d</controlfield>
    <datafield ind1="0" ind2=" " tag="100">
      <subfield code="a">Sincere lover of the truth.</subfield>
    </datafield>
    <datafield ind1="1" ind2="2" tag="245">
      <subfield code="a">A jet from the fountain of truth /</subfield>
      <subfield code="c">by a sincere lover of the truth.</subfield>
    </datafield>
    <datafield ind1=" " ind2=" " tag="260">
      <subfield code="a">York :</subfield>
      <subfield code="b">E.H. Pickering ;</subfield>
      <subfield code="a">London :</subfield>
      <subfield code="b">Simpkin, Marshall, &amp; Co.,</subfield>
      <subfield code="c">[1871?]</subfield>
    </datafield>
    <datafield ind1=" " ind2=" " tag="300">
      <subfield code="a">12 pages ;</subfield>
      <subfield code="c">19 cm</subfield>
    </datafield>
    <datafield ind1=" " ind2="0" tag="650">
      <subfield code="a">Truth.</subfield>
    </datafield>
    <datafield ind1=" " ind2="7" tag="650">
      <subfield code="a">Truth.</subfield>
      <subfield code="2">fast</subfield>
      <subfield code="0">(OCoLC)fst01158235</subfield>
    </datafield>
  </record>
</recordData>
</record>