
<record>
<recordSchema>marcxml</recordSchema>
<recordPacking>xml</recordPacking>
<recordData>
<record xmlns="http://www.loc.gov/MARC21/slim">
    <leader>00000cam a2200000Ia 4500</leader>
    <controlfield tag="001">19275319</controlfield>
    <controlfield tag="008">890227s1916    nyuc          000 0 eng d</controlfield>
    <datafield ind1="2" ind2=" " tag="110">
      <subfield code="a">American Truth Society.</subfield>
    </datafield>
    <datafield ind1="1" ind2="2" tag="245">
      <subfield code="a">A statement issued by the American Truth Society in defense of its president against an unjust attack made upon him by the president of the United States.</subfield>
    </datafield>
    <datafield ind1=" " ind2=" " tag="260">
      <subfield code="a">New York City :</subfield>
      <subfield code="b">American Truth Society,</subfield>
      <subfield code="c">[1916?]</subfield>
    </datafield>
    <datafield ind1=" " ind2=" " tag="300">
      <subfield code="a">22 unnumbered pages :</subfield>
      <subfield code="b">portrait ;</subfield>
      <subfield code="c">23 cm</subfield>
    </datafield>
    <datafield ind1=" " ind2="0" tag="650">
      <subfield code="a">World War, 1914-1918</subfield>
      <subfield code="z">United States</subfield>
      <subfield code="x">Propaganda.</subfield>
    </datafield>
    <datafield ind1="2" ind2="0" tag="610">
      <subfield code="a">American Truth Society.</subfield>
    </datafield>
    <datafield ind1="1" ind2="0" tag="600">
      <subfield code="a">O'Leary, Jeremiah A.,</subfield>
      <subfield code="d">1881-</subfield>
    </datafield>
    <datafield ind1="1" ind2="0" tag="600">
      <subfield code="a">Wilson, Woodrow,</subfield>
      <subfield code="d">1856-1924.</subfield>
    </datafield>
    <datafield ind1="1" ind2="7" tag="600">
      <subfield code="a">O'Leary, Jeremiah A.,</subfield>
      <subfield code="d">1881-</subfield>
      <subfield code="2">fast</subfield>
      <subfield code="0">(OCoLC)fst01839235</subfield>
    </datafield>
    <datafield ind1="1" ind2="7" tag="600">
      <subfield code="a">Wilson, Woodrow,</subfield>
      <subfield code="d">1856-1924</subfield>
      <subfield code="2">fast</subfield>
      <subfield code="0">(OCoLC)fst00034612</subfield>
    </datafield>
    <datafield ind1="2" ind2="7" tag="610">
      <subfield code="a">American Truth Society.</subfield>
      <subfield code="2">fast</subfield>
      <subfield code="0">(OCoLC)fst00752034</subfield>
    </datafield>
    <datafield ind1=" " ind2="7" tag="650">
      <subfield code="a">Propaganda.</subfield>
      <subfield code="2">fast</subfield>
      <subfield code="0">(OCoLC)fst01078957</subfield>
    </datafield>
    <datafield ind1=" " ind2="7" tag="651">
      <subfield code="a">United States.</subfield>
      <subfield code="2">fast</subfield>
      <subfield code="0">(OCoLC)fst01204155</subfield>
    </datafield>
  </record>
</recordData>
</record>