
<record>
<recordSchema>marcxml</recordSchema>
<recordPacking>xml</recordPacking>
<recordData>
<record xmlns="http://www.loc.gov/MARC21/slim">
    <leader>00000cam a2200000Ma 4500</leader>
    <controlfield tag="001">833324548</controlfield>
    <controlfield tag="008">970506s1918    onc     b     000 0 eng d</controlfield>
    <datafield ind1=" " ind2=" " tag="020">
      <subfield code="a">0665867905</subfield>
    </datafield>
    <datafield ind1=" " ind2=" " tag="020">
      <subfield code="a">9780665867903</subfield>
    </datafield>
    <datafield ind1="0" ind2="0" tag="245">
      <subfield code="a">Endorsement of confederation of Catholic Truth Societies in Canada</subfield>
      <subfield code="h">[microforme] /</subfield>
      <subfield code="c">Catholic Truth Society of Canada.</subfield>
    </datafield>
    <datafield ind1=" " ind2=" " tag="260">
      <subfield code="a">Toronto :</subfield>
      <subfield code="b">Catholic Truth Society of Canada,</subfield>
      <subfield code="c">[1918?]</subfield>
    </datafield>
    <datafield ind1=" " ind2=" " tag="300">
      <subfield code="a">1 microfiche (14 images).</subfield>
    </datafield>
    <datafield ind1="0" ind2=" " tag="490">
      <subfield code="a">CIHM-ICMH Microfiche series = CIHM-ICMH collection de microfiches ;</subfield>
      <subfield code="v">no. 86790</subfield>
    </datafield>
    <datafield ind1=" " ind2=" " tag="500">
      <subfield code="a">Date from text.</subfield>
    </datafield>
    <datafield ind1=" " ind2=" " tag="500">
      <subfield code="a">Letters of endorsement from various bishops across Canada.</subfield>
    </datafield>
    <datafield ind1=" " ind2=" " tag="500">
      <subfield code="a">Titre de la couverture.</subfield>
    </datafield>
    <datafield ind1=" " ind2=" " tag="500">
      <subfield code="a">[9] leaves ; 21 cm.</subfield>
    </datafield>
    <datafield ind1="2" ind2="6" tag="610">
      <subfield code="a">Catholic Truth Society of Canada.</subfield>
    </datafield>
    <datafield ind1=" " ind2="6" tag="650">
      <subfield code="a">Litterature catholique</subfield>
      <subfield code="x">Publication et diffusion</subfield>
      <subfield code="z">Canada</subfield>
      <subfield code="x">Associations.</subfield>
    </datafield>
    <datafield ind1="2" ind2=" " tag="710">
      <subfield code="a">Catholic Truth Society of Canada.</subfield>
    </datafield>
  </record>
</recordData>
</record>