
<record>
<recordSchema>marcxml</recordSchema>
<recordPacking>xml</recordPacking>
<recordData>
<record xmlns="http://www.loc.gov/MARC21/slim">
    <leader>00000cam a2200000Ka 4500</leader>
    <controlfield tag="001">681429584</controlfield>
    <controlfield tag="008">101115s1855    nyu     o     000 0 eng d</controlfield>
    <datafield ind1=" " ind2=" " tag="020">
      <subfield code="a">0524050937</subfield>
      <subfield code="q">(microfiche)</subfield>
    </datafield>
    <datafield ind1=" " ind2=" " tag="020">
      <subfield code="a">9780524050934</subfield>
      <subfield code="q">(microfiche)</subfield>
    </datafield>
    <datafield ind1="1" ind2=" " tag="100">
      <subfield code="a">Thornwell, James Henley,</subfield>
      <subfield code="d">1812-1862.</subfield>
    </datafield>
    <datafield ind1="1" ind2="0" tag="245">
      <subfield code="a">Discourses on truth /</subfield>
      <subfield code="c">delivered in the Chapel of the South Carolina College by James H. Thornwell.</subfield>
    </datafield>
    <datafield ind1=" " ind2=" " tag="260">
      <subfield code="a">New York :</subfield>
      <subfield code="b">R. Carter,</subfield>
      <subfield code="c">1855.</subfield>
    </datafield>
    <datafield ind1=" " ind2=" " tag="300">
      <subfield code="a">1 online resource (328 pages)</subfield>
    </datafield>
    <datafield ind1=" " ind2="0" tag="650">
      <subfield code="a">Truth</subfield>
      <subfield code="x">Religious aspects</subfield>
      <subfield code="x">Christianity.</subfield>
    </datafield>
    <datafield ind1=" " ind2="7" tag="650">
      <subfield code="a">Truth</subfield>
      <subfield code="x">Religious aspects</subfield>
      <subfield code="x">Christianity.</subfield>
      <subfield code="2">fast</subfield>
      <subfield code="0">(OCoLC)fst01158248</subfield>
    </datafield>
    <datafield ind1="4" ind2="0" tag="856">
      <subfield code="3">EBSCOhost</subfield>
      <subfield code="u">http://search.ebscohost.com/login.aspx?direct=true&amp;db=h7h&amp;bquery=(HJ+5QDE)&amp;type=1&amp;site=ehost-live</subfield>
    </datafield>
  </record>
</recordData>
</record>