
<record>
<recordSchema>marcxml</recordSchema>
<recordPacking>xml</recordPacking>
<recordData>
<record xmlns="http://www.loc.gov/MARC21/slim">
    <leader>00000cam a2200000Ii 4500</leader>
    <controlfield tag="001">6747143</controlfield>
    <controlfield tag="008">800924s1877    enk           000 0 eng d</controlfield>
    <datafield ind1="1" ind2=" " tag="100">
      <subfield code="a">Shute, Richard,</subfield>
      <subfield code="d">1849-1888.</subfield>
    </datafield>
    <datafield ind1="1" ind2="2" tag="245">
      <subfield code="a">A discourse on truth /</subfield>
      <subfield code="c">by Richard Shute.</subfield>
    </datafield>
    <datafield ind1=" " ind2=" " tag="260">
      <subfield code="a">London :</subfield>
      <subfield code="b">H.S. King,</subfield>
      <subfield code="c">1877.</subfield>
    </datafield>
    <datafield ind1=" " ind2=" " tag="300">
      <subfield code="a">iv, 299 pages ;</subfield>
      <subfield code="c">21 cm</subfield>
    </datafield>
    <datafield ind1=" " ind2="0" tag="650">
      <subfield code="a">Truth.</subfield>
    </datafield>
    <datafield ind1=" " ind2="7" tag="650">
      <subfield code="a">Truth.</subfield>
      <subfield code="2">fast</subfield>
      <subfield code="0">(OCoLC)fst01158235</subfield>
    </datafield>
  </record>
</recordData>
</record>