
<record>
<recordSchema>marcxml</recordSchema>
<recordPacking>xml</recordPacking>
<recordData>
<record xmlns="http://www.loc.gov/MARC21/slim">
    <leader>00000cmm a2200000Ma 4500</leader>
    <controlfield tag="001">217195121</controlfield>
    <controlfield tag="008">070910s1669    xx      o  u        eng d</controlfield>
    <datafield ind1="1" ind2=" " tag="100">
      <subfield code="a">Smith, William.</subfield>
    </datafield>
    <datafield ind1="1" ind2="4" tag="245">
      <subfield code="a">The everlasting truth exalted</subfield>
      <subfield code="h">[Elektronische Ressource] /</subfield>
      <subfield code="c">William Smith.</subfield>
    </datafield>
    <datafield ind1=" " ind2=" " tag="260">
      <subfield code="a">S.L. :</subfield>
      <subfield code="b">[s.n.],</subfield>
      <subfield code="c">1669.</subfield>
    </datafield>
    <datafield ind1=" " ind2=" " tag="300">
      <subfield code="a">24 p.</subfield>
    </datafield>
    <datafield ind1="0" ind2=" " tag="490">
      <subfield code="a">Early English books online,</subfield>
      <subfield code="x">2072-3581</subfield>
    </datafield>
    <datafield ind1=" " ind2=" " tag="500">
      <subfield code="a">Reproduction of original in Duke University Library. - Wing, S4299.</subfield>
    </datafield>
    <datafield ind1="0" ind2="4" tag="650">
      <subfield code="a">Society of Friends</subfield>
      <subfield code="z">Great Britain</subfield>
      <subfield code="v">Early works to 1800.</subfield>
    </datafield>
    <datafield ind1="0" ind2="4" tag="650">
      <subfield code="a">Truth</subfield>
      <subfield code="x">Religious aspects</subfield>
      <subfield code="x">Christianity.</subfield>
    </datafield>
    <datafield ind1="4" ind2="0" tag="856">
      <subfield code="3">Volltext</subfield>
      <subfield code="u">http://gateway.proquest.com/openurl?ctx_ver=Z39.88-2003&amp;res_id=xri:eebo&amp;rft_val_fmt=&amp;rft_id=xri:eebo:image:52588</subfield>
    </datafield>
  </record>
</recordData>
</record>