
<record>
<recordSchema>marcxml</recordSchema>
<recordPacking>xml</recordPacking>
<recordData>
<record xmlns="http://www.loc.gov/MARC21/slim">
    <leader>00000cam a2200000Ka 4500</leader>
    <controlfield tag="001">24336222</controlfield>
    <controlfield tag="008">910905s1914    ncu           000 0 eng d</controlfield>
    <datafield ind1="1" ind2=" " tag="100">
      <subfield code="a">Riddle, C. B.</subfield>
      <subfield code="q">(Carl B.)</subfield>
    </datafield>
    <datafield ind1="1" ind2="0" tag="245">
      <subfield code="a">Trailing the truth /</subfield>
      <subfield code="c">by C.B. Riddle.</subfield>
    </datafield>
    <datafield ind1=" " ind2=" " tag="260">
      <subfield code="a">Elon College, N.C. :</subfield>
      <subfield code="b">Southern Christian Pub. Co.,</subfield>
      <subfield code="c">1914.</subfield>
    </datafield>
    <datafield ind1=" " ind2=" " tag="300">
      <subfield code="a">88 pages ;</subfield>
      <subfield code="c">19 cm</subfield>
    </datafield>
    <datafield ind1=" " ind2="0" tag="650">
      <subfield code="a">Truth.</subfield>
    </datafield>
    <datafield ind1=" " ind2="7" tag="650">
      <subfield code="a">Truth.</subfield>
      <subfield code="2">fast</subfield>
      <subfield code="0">(OCoLC)fst01158235</subfield>
    </datafield>
  </record>
</recordData>
</record>