
<record>
<recordSchema>marcxml</recordSchema>
<recordPacking>xml</recordPacking>
<recordData>
<record xmlns="http://www.loc.gov/MARC21/slim">
    <leader>00000cam a2200000Mi 4500</leader>
    <controlfield tag="001">124086087</controlfield>
    <controlfield tag="008">070430s1871    enk           000 0 eng d</controlfield>
    <datafield ind1="0" ind2=" " tag="100">
      <subfield code="a">Layman.</subfield>
    </datafield>
    <datafield ind1="1" ind2="0" tag="245">
      <subfield code="a">What is truth? /</subfield>
      <subfield code="c">by a layman.</subfield>
    </datafield>
    <datafield ind1=" " ind2=" " tag="260">
      <subfield code="a">Thame :</subfield>
      <subfield code="b">E.B. Flint,</subfield>
      <subfield code="c">[1871?]</subfield>
    </datafield>
    <datafield ind1=" " ind2=" " tag="300">
      <subfield code="a">2 unnumbered pages ;</subfield>
      <subfield code="c">22 cm</subfield>
    </datafield>
    <datafield ind1=" " ind2=" " tag="500">
      <subfield code="a">Caption title.</subfield>
    </datafield>
    <datafield ind1=" " ind2="0" tag="650">
      <subfield code="a">Truth</subfield>
      <subfield code="x">Religious aspects</subfield>
      <subfield code="x">Christianity.</subfield>
    </datafield>
    <datafield ind1=" " ind2="7" tag="650">
      <subfield code="a">Truth</subfield>
      <subfield code="x">Religious aspects</subfield>
      <subfield code="x">Christianity.</subfield>
      <subfield code="2">fast</subfield>
      <subfield code="0">(OCoLC)fst01158248</subfield>
    </datafield>
  </record>
</recordData>
</record>
</records>
<nextRecordPosition>151</nextRecordPosition>
<resultSetIdleTime/>
<echoedSearchRetrieveRequest xmlns:srw="http://www.loc.gov/zing/srw/">
<version>1.1</version>
<query>srw.su = "truth" and srw.yr &amp;lt; "1923" and srw.la = "eng"</query>
<maximumRecords>50</maximumRecords>
<recordPacking>xml</recordPacking>
<startRecord>101</startRecord>
<sortKeys>relevance</sortKeys>
<wskey>{built-in-api-key}</wskey>
</echoedSearchRetrieveRequest>
</searchRetrieveResponse>
